3150 5378
514 460 568 515 nn
599 458 757 534 sionis,
786 454 823 537 aa
848 458 965 516 aa-ao.
1251 454 1307 512 tao

172 589 238 657 hoc
253 587 288 657 in
303 614 383 684 rege
401 602 469 657 tam
486 588 605 674 nobili,
620 613 658 658 re
668 602 736 657 tam
747 590 881 675 eximia,
897 574 1097 682 injuriatum
1113 591 1235 660 acerba
1250 617 1310 661 vos

171 703 357 799 neglexisse
386 704 537 789 audient,
567 728 637 771 non
664 718 765 773 erunt
791 719 860 773 tam
893 719 1056 789 amentes,
1088 719 1126 774 ut
1153 730 1305 799 operam,

171 843 300 904 curam,
325 818 503 912 pecuniam
533 817 721 911 inpendunt
739 817 775 886 in
794 843 850 888 eas
874 843 945 904 res,
971 843 1055 913 quas
1082 820 1179 888 vohis
1198 830 1310 915 gratas

172 931 245 1001 lore
262 957 333 1000 non
352 932 575 1002 arbitrentur.

220 1050 350 1116 XXXI.
387 1053 450 1138 [69]
474 1050 549 1116 Hoc
574 1047 668 1132 loco,
696 1048 741 1137 Q
771 1049 908 1133 Catule,
939 1063 974 1119 te
1010 1050 1162 1145 appello;
1188 1051 1312 1145 loquor

171 1163 262 1232 enim
282 1162 324 1232 de
346 1176 406 1231 tuo
431 1161 617 1230 clarissimo
641 1160 945 1257 pulcherrimoque
968 1178 1203 1234 monumento.
1229 1166 1310 1234 Non

168 1277 292 1370 judicis
312 1277 420 1345 solum
434 1276 649 1346 severitatem
669 1276 704 1345 in
723 1275 790 1344 hoc
808 1276 962 1362 crimine,
983 1277 1042 1347 sed
1060 1303 1169 1373 prope
1181 1278 1309 1348 inimici

170 1406 272 1486 atque
296 1390 502 1460 accusatoris
525 1391 594 1458 vim
618 1390 791 1484 suscipere
818 1390 934 1461 debes.
962 1393 1056 1460 Tuus
1087 1393 1178 1462 enim
1201 1392 1311 1466 honos

171 1506 229 1574 illo
247 1507 388 1600 templo,
410 1520 545 1576 senatus
560 1505 748 1599 populique
769 1506 912 1574 Romani
931 1506 1111 1593 beneficio,
1130 1508 1180 1576 tui
1199 1507 1313 1577 nomi-

170 1621 222 1689 nis
251 1634 375 1689 aeterna
404 1619 568 1688 memoria
598 1618 697 1688 simul
723 1644 800 1688 cum
829 1620 956 1714 templo
985 1621 1043 1691 illo
1071 1637 1309 1708 consecratur3

172 1741 230 1809 tibi
263 1740 336 1809 haec
365 1764 447 1809 cura
477 1738 706 1832 suscipienda,
738 1737 798 1806 tibi
825 1736 899 1806 haec
926 1763 1031 1832 opera
1061 1737 1226 1807 sumenda
1245 1752 1307 1822 est,

170 1868 208 1923 ut
241 1854 461 1948 Capitolium,
496 1851 786 1948 quemadmodum
823 1851 1096 1947 magnificentius
1129 1865 1179 1922 est
1211 1852 1312 1922 resti·

171 1983 296 2054 tutum,
338 1971 386 2038 sic
422 1968 595 2063 copiosius
639 1981 798 2036 ornatum
840 1967 883 2036 sit
915 1992 1017 2062 quam
1062 1966 1142 2053 fuit3
1185 1981 1222 2036 ut
1257 1967 1311 2036 illa

170 2081 302 2150 llamma
349 2080 511 2148 divinitus
557 2079 706 2149 extitisse
741 2078 919 2166 videatur,
962 2104 1033 2148 non
1072 2103 1148 2174 quae
1183 2079 1312 2156 deleret

168 2196 262 2266 Jovis
306 2194 435 2289 Optimi
481 2193 621 2262 Maximi
671 2193 853 2288 templum,
902 2193 960 2263 sed
1000 2219 1076 2288 quae
1117 2194 1312 2288 praeclarius

169 2309 510 2405 magnificentiusque
541 2307 755 2402 deposceret.
792 2312 854 2396 [tt]
888 2307 1020 2376 Audisti
1048 2308 1093 2397 Q.
1120 2308 1311 2376 Minucium

170 2425 285 2495 dicere
305 2423 396 2493 domi
415 2448 482 2492 suae
503 2422 718 2491 deversatum
747 2446 819 2491 esse
845 2421 1054 2490 Antiochum
1070 2446 1187 2516 regem
1208 2425 1311 2516 Syra-

171 2540 276 2626 cusis3
306 2564 341 2609 se
370 2538 454 2606 illud
479 2537 566 2606 scire
594 2536 636 2605 ad
659 2536 759 2605 istum
782 2560 854 2605 esse
884 2536 1049 2622 delatum3
1072 2561 1106 2606 se
1131 2537 1218 2609 scire
1241 2562 1311 2606 non

101 2716 115 2739 χ
171 2653 359 2739 redditum3
389 2652 511 2721 audisti
540 2665 575 2721 et
597 2650 714 2720 audies
736 2651 829 2720 omni
859 2675 878 2720 e
906 2665 1077 2720 conventu
1100 2654 1311 2746 Syracusano

169 2768 227 2862 qui
250 2768 295 2836 ita
315 2768 441 2851 dicant,
470 2791 542 2836 sese
569 2765 786 2834 audientibus
808 2764 890 2833 illud
908 2765 985 2834 lovi
1002 2765 1143 2861 Optimo
1161 2767 1311 2836 Maximo

170 2883 318 2952 dicatum
345 2906 417 2951 esse
439 2883 480 2950 ab
507 2905 589 2976 rege
615 2879 786 2948 Antiocho
810 2894 845 2950 et
867 2895 1116 2949 consecratum.
1149 2881 1183 2948 Si
1205 2880 1309 2973 judex

170 3022 238 3066 non
260 3022 350 3067 esses
374 3010 408 3066 et
426 2995 499 3065 haec
519 2995 561 3064 ad
580 3009 614 3065 te
634 2994 745 3064 delata
762 3019 816 3064 res
835 3007 935 3079 esset,
959 3009 991 3065 tc
1012 2995 1223 3088 potissimum
1244 2975 1311 3065 lioc

170 3112 341 3207 persequi,
364 3125 397 3180 te
421 3126 550 3206 petere,
575 3124 608 3179 te
628 3134 729 3204 agere
747 3122 934 3204 oporteret.
957 3109 1073 3207 Quare
1094 3134 1164 3177 non
1191 3109 1310 3178 dubito

169 3252 238 3321 quo
266 3226 380 3295 animo
407 3225 513 3318 judex
545 3223 646 3316 hujus
674 3223 826 3292 criminis
858 3246 931 3292 esse
961 3221 1101 3307 debeas,
1132 3222 1190 3316 qui
1219 3223 1309 3315 apud

170 3341 272 3410 alium
288 3338 440 3432 judicem
460 3339 568 3407 multo
585 3337 708 3422 acrior,
730 3362 831 3432 quam
855 3360 920 3434 ego
944 3360 1031 3420 sum,
1054 3348 1150 3404 actor
1168 3358 1309 3405 accusa·

170 3470 292 3550 torque
310 3479 383 3524 esse
401 3454 555 3522 deberes.
1066 3454 1067 3458 ’

200 3632 339 3678 mexm
347 3648 352 3676 ι
358 3648 392 3695 pp
403 3631 528 3678 audierint.
537 3656 569 3667 -
577 3638 616 3678 tt.
622 3647 639 3692 p
650 3633 723 3693 lagg.
734 3636 764 3675 ‘tt
772 3629 825 3679 edd.
833 3639 885 3676 tuuc
892 3629 998 3676 animent
1008 3602 1084 3677 honos
1094 3631 1118 3678 in
1128 3633 1184 3692 lllo;
1193 3652 1209 3700 p
1217 3645 1310 3685 tnueeet

171 3701 231 3747 enim
242 3702 316 3748 honos
328 3703 352 3748 in
365 3702 416 3748 illo.
431 3727 462 3738 -
474 3709 512 3751 70.
526 3705 597 3750 Rom.
609 3702 789 3749 Antiochum-ad
801 3701 870 3747 ictum
881 3715 940 3747 esse.
950 3726 982 3738 -
996 3704 1059 3750 nate
1074 3702 1133 3750 illud
1143 3707 1308 3754 candelabrum

170 3773 208 3836 (on
216 3773 284 3818 lirare
290 3773 367 3835 pluerit
375 3775 478 3820 delatum
489 3771 677 3835 candelabrum).
687 3798 714 3810 -
726 3774 745 3821 ll
757 3772 822 3818 oumi
835 3773 861 3827 ὀς
869 3789 904 3838 pq
913 3788 994 3819 omnes
1003 3790 1031 3831 e;
1044 3776 1115 3824 Cobet
1126 3775 1179 3825 edd.
1191 3777 1308 3830 homines.

203 3895 288 3941 xxxt.
305 3893 715 3952 et.1100t000.·demtne,v,t7a
770 3896 825 3942 d'un
845 3911 951 3956 zeugma,
968 3897 991 3942 le
1016 3897 1095 3953 verbe,
1107 3897 1166 3959 qn'il
1185 3898 1234 3946 faut
1253 3916 1315 3947 noue·

171 3964 215 4019 fin.
771 3967 882 4013 entendre
896 3966 995 4013 d'ebord
1006 3982 1036 4014 cn
1047 3967 1080 4013 lui
1096 3969 1199 4015 donmnt
1218 3986 1248 4015 un
1263 3987 1316 4016 sene

94 4095 98 4102 Ι
204 4037 232 4094 Q.
257 4034 347 4086 atate.
377 4035 400 4081 le
420 4035 455 4081 fila
477 4035 508 4081 du
531 4034 659 4096 uinquam·
675 4036 718 4082 des
771 4036 952 4096 figur6‚revient
971 4036 1028 4082 dans
1044 4037 1066 4082 ln
1083 4037 1190 4083 derniere
1209 4042 1316 4099 proposi·

171 4105 287 4160 Cimbra,
302 4105 382 4151 consul
400 4120 431 4151 en
453 4111 493 4161 78,
513 4120 610 4151 centem·
628 4120 659 4150 en
677 4112 716 4162 tt,
771 4106 821 4151 tion
835 4108 848 4150 l
860 4120 890 4150 uu
904 4120 956 4151 tens
973 4117 1066 4152 caneret
1083 4124 1088 4152 :
1106 4122 1160 4152 avec
1178 4122 1204 4152 ee
1225 4111 1314 4170 temple

171 4186 233 4222 mort
247 4192 277 4222 en
289 4183 327 4222 ⁶0.
771 4186 806 4221 eat
819 4177 940 4222 eoaeacte'e
952 4191 1013 4236 pour
1024 4176 1182 4225 tuterunt...

203 4250 258 4300 Tuo,
282 4247 383 4308 puisqne
406 4246 563 4308 l'inseription
581 4246 612 4292 du
630 4261 715 4292 monu—
802 4253 840 4293 70.
858 4248 887 4305 Q.
902 4245 1050 4309 Minucium:
1065 4247 1115 4292 voit·
1127 4247 1210 4310 odfin.

172 4328 237 4364 ment
250 4326 400 4362 tmnsmettm
409 4333 451 4362 aon
463 4333 518 4362 nom
533 4317 579 4362 tt·
591 4315 715 4378 poatkritk.
800 4317 872 4364 Domi
885 4332 932 4362 sim
946 4334 955 4361 .·
970 4317 1021 4362 voir
1035 4323 1064 4363 44
1071 4317 1121 4378 fin.

203 4390 263 4434 ttius
272 4387 341 4433 honos
353 4386 396 4432 illo
410 4386 501 4450 ιεηφΙο,
510 4403 542 4434 κ.
551 4397 714 4434 consecretur:
800 4387 875 4439 Illud,
893 4403 925 4432 κ.
938 4386 1110 4433 candelabrum.

172 4469 197 4506 te
208 4458 284 4520 gloirc
294 4467 329 4505 est
341 4458 460 4503 consacre'e
469 4473 513 4519 par
529 4457 551 4503 ln
564 4457 716 4504 restauration
801 4461 875 4505 Sese:
889 4457 979 4503 ablatis.

169 4528 199 4575 de
211 4544 237 4574 ee
253 4529 342 4590 temple
356 4544 401 4590 que
416 4529 447 4575 εἰ
457 4527 585 4576 confite...
601 4527 715 4574 Perstritc
803 4528 904 4574 Debere:
916 4543 925 4572 r
935 4541 968 4572 se.
981 4525 1001 4572 sl
1012 4526 1084 4585 index
1098 4542 1145 4574 non
1158 4543 1248 4576 erues...
