3150 5378
1284 459 1337 516 tot

482 419 776 520 veneruinuii
796 457 1084 540 eustasi-ss.

216 615 286 661 rem
306 616 442 660 suarum
463 590 663 684 injuriarum
688 591 908 675 invenerunt,
931 586 1083 689 tu,''du'11s
1102 603 1180 679 ,tuas
1202 587 1342 680 injurias

214 720 347 797 perte,
378 705 412 772 id
436 704 529 799 quod
556 729 627 773 non
655 719 763 797 potes,
793 704 961 797 persequi,
978 690 1277 801 conaris,''id5agis
1303 716 1342 770 ut

214 832 405 887 ceterorum
432 841 570 912 quoque
596 817 728 909 injuriae
746 817 813 886 sint
832 817 1007 911 impunitae
1027 831 1128 910 atque
1146 816 1273 899 inultm.
1297 818 1341 913 Et
1366 882 1368 886 Α

214 930 281 999 hoc
303 946 335 1000 te
358 932 521 1025 praeterit,
545 956 614 999 non
639 930 673 997 id
700 931 808 999 solum
831 930 977 1023 spectari
1000 931 1109 998 solere
1130 929 1188 1023 qui
1204 912 1337 1012 debeot',

213 1044 393 1113 sedetiam
419 1045 503 1113 illud
529 1045 587 1138 qui
614 1044 718 1137 possit
748 1043 883 1128 ulcisci;
914 1043 949 1110 in
975 1067 1043 1137 quo
1068 1056 1251 1135 utrumque
1283 1042 1337 1125 sit,

213 1180 289 1226 eum
320 1159 531 1252 superiorem
556 1181 646 1242 esse3
672 1156 707 1225 in
729 1182 799 1250 quo
822 1157 978 1239 alterurn,
997 1156 1095 1226 ineo
1115 1181 1185 1224 uon
1208 1155 1290 1249 quid
1315 1156 1341 1222 is

159 1260 162 1267 ⁵
212 1270 304 1352 velit,
332 1272 393 1340 sed
415 1271 499 1365 quid
519 1270 631 1340 facere
654 1269 771 1365 possit,
796 1271 902 1363 quaeri
926 1270 1048 1338 solere.
1077 1274 1139 1358 [54]
1161 1269 1291 1359 Quodsi
1309 1268 1354 1338 ei

212 1383 422 1477 potissimum
440 1408 557 1455 censes
576 1384 725 1478 permitti
748 1360 907 1477 oportere
924 1383 1104 1453 accusandi
1124 1397 1336 1477 potestatem,

211 1498 266 1566 cui
291 1499 469 1566 maximam
495 1500 536 1567 C.
567 1500 694 1567 Verres
720 1497 877 1588 injuriam
904 1496 1036 1582 fecerit,
1062 1511 1176 1565 utrum
1202 1496 1338 1566 taudem

211 1637 328 1681 censes
356 1611 418 1680 hos
447 1608 607 1708 fiudices]
638 1610 774 1705 gravius
804 1611 894 1690 ferre
927 1623 1108 1704 oportere:
1141 1624 1174 1679 te
1208 1611 1250 1678 ab
1280 1610 1339 1679 illo

210 1748 281 1793 esse
300 1726 428 1808 laesum,
451 1750 494 1793 eu
517 1723 729 1818 provinciam
750 1724 897 1792 Siciliam
921 1747 994 1793 esse
1020 1738 1171 1793 vexatam
1195 1748 1234 1792 ac
1257 1747 1338 1817 per-

210 1838 339 1907 ditam?
363 1837 509 1932 Opinor,
533 1837 701 1906 concedes
724 1838 831 1906 multo
851 1837 918 1906 hoc
940 1853 973 1906 et
992 1860 1063 1907 esse
1083 1837 1218 1932 gravius
1239 1852 1274 1906 et
1296 1838 1337 1905 ab

210 1952 367 2020 omnibus
385 1951 466 2020 ferri
478 1951 613 2047 gravius
626 1964 799 2045 oportere.
813 1951 974 2020 Concede
991 1951 1095 2045 igitur
1111 1964 1149 2018 ut
1165 1950 1225 2018 tibi
1245 1965 1336 2020 ante·

208 2080 357 2159 ponatur
383 2064 418 2134 in
441 2065 632 2134 accusando
658 2063 856 2159 provincia3
884 2089 960 2133 nem
986 2064 1160 2158 provincia
1186 2076 1333 2147 accusat,

209 2203 286 2245 cum
309 2179 336 2247 is
364 2180 434 2272 egit
456 2203 603 2265 causam,
634 2202 736 2272 quem
760 2178 822 2246 sibi
849 2178 904 2246 illa
927 2177 1141 2248 defensorem
1165 2178 1215 2245 sui
1235 2175 1332 2268 juris,

208 2293 352 2362 ultorem
371 2291 581 2385 injuriarum,
602 2305 752 2361 actorem
770 2316 877 2360 ceusae
895 2291 997 2359 totius
1014 2289 1197 2384 adoptavit.

255 2408 367 2474 XVII.
383 2410 444 2495 [55]
455 2405 653 2475 Ateemtibi
664 2408 705 2475 C.
717 2408 844 2474 Verres
854 2404 1109 2497 fecitinjuriam,
1120 2429 1194 2496 quae
1204 2417 1332 2472 cetero·

235 2642 389 2687 venturust
405 2647 443 2686 et.
456 2638 490 2686 G¹
503 2642 618 2696 ulterume
632 2657 651 2690 π
661 2638 730 2704 (Lug.
740 2646 769 2685 2⁹
778 2639 869 2701 d'aprie
878 2637 969 2702 Zumpt)
980 2638 1130 2691 alterutrum
1143 2635 1221 2684 δὀἱ.
1235 2640 1333 2686 niteram

205 2719 283 2754 utrum
299 2709 338 2772 (ei.
354 2712 468 2763 Sebmnh,
487 2711 568 2757 Amet.
582 2727 622 2757 sur
633 2710 719 2774 Alter).
736 2736 768 2747 -
781 2708 1062 2769 st.c¹1³tioejudiees;
1081 2712 1104 2756 1>
1122 2725 1164 2754 uos
1180 2710 1243 2765 iud.;
1258 2708 1333 2774 (nris

204 2777 272 2834 iude;
295 2779 365 2842 Bake,
383 2783 479 2840 Kayser,
495 2780 591 2835 Hulm⁸,
602 2779 769 2843 Ηίνισψὶᾰαν,
781 2779 900 2826 Eberhard
911 2781 952 2824 hos
966 2777 1080 2843 [judieesl.
1092 2805 1123 2815 -
1138 2780 1246 2833 Mmbiu,
1256 2779 1332 2834 Klotz,

205 2848 292 2908 Kayser
305 2849 334 2894 eb
348 2849 390 2894 ilio
404 2849 481 2895 lusum
494 2847 547 2911 (om.
562 2850 627 2914 esee).
643 2875 675 2886 -
687 2869 703 2914 φ
716 2850 833 2896 coneedit.
847 2874 879 2885 -
889 2850 930 2912 (se
939 2861 963 2896 et
972 2864 1021 2895 esse
1033 2850 1140 2909 gravium
1151 2847 1184 2895 0¹
1197 2849 1231 2894 al.
1241 2865 1285 2894 om.
1298 2860 1332 2898 et.

793 3104 882 3150 discute
896 3119 941 3150 une
950 3101 1116 3149 intremisco:
1128 3101 1168 3147 eui
1174 3101 1328 3146 maximum...

793 3171 912 3237 iujuriam.

204 3100 311 3146 eximius
321 3111 356 3147 est
366 3101 477 3163 employi
487 3103 555 3158 niuei,
567 3120 622 3150 evee
631 3120 674 3150 sou
688 3119 741 3150 seue

205 3169 391 3232 itymologiquc,
406 3188 449 3232 pur
464 3171 578 3230 Tirence,
594 3174 650 3221 He'c.
662 3177 681 3228 Ι,
694 3189 713 3234 1,
725 3181 739 3220 0

202 3239 262 3300 (6⁶),
271 3251 295 3285 et
306 3243 376 3301 aussi,
389 3257 444 3287 eree
455 3257 514 3288 unus
524 3254 548 3288 et
564 3245 622 3289 dune
633 3245 656 3290 ie
664 3245 740 3290 meme

204 3326 256 3355 seue
267 3311 347 3371 qu’iei,
357 3327 400 3371 per
411 3312 545 3364 Tite-hire,
553 3316 592 3368 ΙΧ,
610 3329 686 3376 miv,
703 3321 738 3359 tt.

203 3383 230 3425 Je
248 3380 301 3425 n'en
317 3391 399 3427 trouve
411 3397 453 3441 pes
464 3382 555 3429 d'uutre
568 3385 673 3444 exempie
682 3385 739 3429 deos

210 3449 320 3495 Ciciron.

234 3526 271 3564 tt.
285 3520 315 3565 Id
330 3520 393 3581 qnod
409 3535 454 3566 uon
468 3531 542 3581 potes,
561 3537 592 3567 ee.
613 3532 664 3567 tues
678 3522 739 3582 iuju-

202 3589 248 3634 riev
250 3605 294 3650 per
304 3600 326 3634 te
338 3590 461 3651 penequi3
473 3607 503 3637 ou
513 3607 574 3651 pour
583 3592 605 3637 le
612 3607 665 3638 seue
672 3595 685 3637 i
692 3608 739 3652 peu

201 3658 256 3718 prise
272 3675 363 3705 comme
381 3677 387 3704 ε
411 3676 467 3721 qun
484 3676 531 3706 uon
548 3672 614 3720 potes
634 3662 683 3722 ipse
697 3661 737 3706 υἱ-

200 3727 269 3783 cisci3
283 3728 334 3773 voir
350 3729 371 3773 in
388 3731 472 3790 phreee
488 3731 602 3779 suinute.

230 3799 262 3843 Id
270 3798 326 3858 agis
337 3808 392 3847 nt...
409 3815 414 3843 :
432 3800 521 3845 double
538 3816 590 3845 reue
607 3802 694 3846 voulu:
714 3801 737 3846 le

200 3866 299 3913 re'eultet
309 3878 345 3914 est
355 3884 443 3930 que...;
456 3887 485 3914 ou
500 3887 505 3914 :
519 3880 559 3915 tou
568 3869 609 3914 but
617 3880 735 3933 estque...

229 3939 260 3983 m
275 3955 280 3981 ι
296 3938 378 3983 tieisou
391 3954 452 3984 mm
468 3955 528 3985 rure.

231 4005 358 4065 Spectari:
373 4022 416 4067 per
428 4009 462 4053 ies
475 4010 544 4068 juges
562 4009 593 4053 du
613 4009 696 4069 proebe
707 4011 737 4056 de

200 4074 337 4121 divinctior.

230 4146 320 4192 Debere
347 4161 353 4190 ι
376 4146 531 4206 l’expremiou
557 4147 604 4194 tris
627 4146 737 4211 giue'reie

199 4214 295 4275 designo
303 4225 354 4261 tout
359 4219 433 4276 ecqui
441 4220 603 4263 recommunde
611 4220 642 4263 tel
653 4236 683 4264 ou
693 4221 735 4266 tei.

230 4284 335 4330 Alterum
350 4286 366 4331 i.
382 4302 404 4331 e.
418 4302 484 4332 eume
503 4303 545 4332 eur
558 4289 655 4334 Verrem
668 4305 737 4335 uocu-

200 4369 251 4401 me
262 4355 343 4402 debeat
354 4356 465 4420 (Zumpt).

231 4432 269 4470 m.
301 4427 415 4486 Quodsi...
450 4429 523 4488 Apris
549 4440 586 4475 eet
613 4443 736 4492 ergrrmeet

199 4496 253 4552 (non
263 4506 356 4555 poter...
368 4498 515 4558 qnidsacere
524 4499 735 4560 poesie...)Cieeiron

826 3245 907 3289 Utrum
922 3260 928 3286 ι
942 3243 963 3287 ie
976 3255 1074 3301 pronum
1088 3256 1116 3286 eu
1130 3249 1220 3285 uentre.

825 3315 872 3358 Hos
883 3329 892 3356 .·
903 3313 933 3356 de
943 3312 1019 3356 meme
1033 3318 1056 3355 tt
1073 3328 1079 3354 ε
1096 3325 1143 3355 non
1157 3323 1208 3353 eree
1223 3308 1327 3353 tuentes

793 3383 855 3427 viror
870 3383 1034 3427 commissuros
1048 3389 1103 3425 nt...

824 3456 910 3498 heum
926 3451 1000 3496 :e'est
1014 3451 1036 3495 le
1051 3452 1122 3495 verbe
1141 3448 1183 3510 qui
1201 3448 1294 3508 ripond
1314 3452 1326 3494 i

792 3520 891 3584 iujurr'a,
908 3521 1012 3582 quoique
1027 3531 1093 3565 entre
1104 3520 1139 3565 lev
1152 3519 1215 3564 deux
1231 3533 1326 3579 expres⁸

792 3591 862 3647 dous,
881 3589 924 3651 ily
940 3591 973 3635 eit
988 3591 1119 3651 eepeudent
1137 3589 1239 3651 quelque
1260 3589 1327 3634 diuza

792 3676 860 3707 reuco
872 3678 877 3706 :
891 3662 941 3706 voir
955 3668 983 3706 δῦ
995 3659 1028 3706 iu.
1193 3692 1194 3695 =

826 3735 957 3777 Veterum:
971 3733 1065 3787 ivm.

821 3800 1053 3864 Opt'rrortemtjiu
1068 3818 1073 3847 :
1089 3799 1202 3848 Areum.

820 3873 963 3921 emen...
979 3882 1091 3933 oportere.
1105 3869 1234 3918 meede..
1248 3879 1303 3915 ut...

791 3945 832 4000 IV,
848 3951 862 3988 8
866 3942 917 4006 fin.
1196 3976 1199 3981 ,

821 4011 922 4060 Aecum
936 4010 1025 4058 :etto
1039 4011 1072 4056 iu.

820 4085 966 4144 Desertorem
987 4081 1026 4127 ω’
1044 4080 1118 4142 juris,
1140 4079 1237 4124 ultorem
1262 4075 1324 4139 inju-

788 4153 884 4207 riarum,
896 4163 994 4198 actorem
1009 4166 1083 4196 cause
1097 4149 1186 4195 totins:
1207 4149 1236 4193 de
1248 4149 1323 4192 meme

792 4231 815 4269 rt
854 4239 879 4268 n.
1176 4226 1192 4266 “.

820 4224 953 4351 ιέὶορωνίε,
970 4307 1027 4336 eree
1045 4291 1066 4335 le
1084 4300 1144 4352 seue¹
1157 4287 1265 4336 tutiore&
1291 4288 1321 4332 de

789 4374 854 4424 opto,-
866 4363 895 4406 de
908 4363 984 4406 meme
995 4360 1077 4421 etsta.
1177 4365 1180 4374 '

820 4433 896 4485 xvu,
914 4438 951 4475 ⁵5.
972 4432 1055 4489 Qua...
1073 4427 1165 4488 poerit:
1181 4443 1225 4473 rrne
1247 4427 1322 4485 injure

789 4503 845 4548 teile
856 4517 932 4560 que...
