<?xml version="1.0" encoding="UTF-8"?>
<!DOCTYPE html PUBLIC "-//W3C//DTD XHTML 1.0 Transitional//EN"
    "http://www.w3.org/TR/xhtml1/DTD/xhtml1-transitional.dtd">
<html xmlns="http://www.w3.org/1999/xhtml" xml:lang="en" lang="en">
 <head>
  <title>
</title>
<meta http-equiv="Content-Type" content="text/html;charset=utf-8" />
  <meta name='ocr-system' content='tesseract 3.04.00' />
  <meta name='ocr-capabilities' content='ocr_page ocr_carea ocr_par ocr_line ocrx_word'/>
</head>
<body>
  <div class='ocr_page' id='page_1' title='image "./mtulliiciceroni33cicegoog_0188.png"; bbox 0 0 3150 5378; ppageno 0'>
   <div class='ocr_carea' id='block_1_1' title="bbox 519 471 1306 565">
    <p class='ocr_par' dir='ltr' id='par_1_1' title="bbox 519 471 1306 565">
     <span class='ocr_line' id='line_1_1' title="bbox 519 471 1306 565; baseline -0.009 -23"><span class='ocrx_word' id='word_1_1' title='bbox 519 487 573 542; x_wconf 85' lang='lat' dir='ltr'><strong>nn</strong></span> <span class='ocrx_word' id='word_1_2' title='bbox 600 486 759 556; x_wconf 81' lang='lat' dir='ltr'><strong>sionis,</strong></span> <span class='ocrx_word' id='word_1_3' title='bbox 786 481 822 565; x_wconf 65' lang='lat' dir='ltr'><strong>pp</strong></span> <span class='ocrx_word' id='word_1_4' title='bbox 847 484 963 544; x_wconf 77' lang='lat' dir='ltr'><strong>rs-ra.</strong></span> <span class='ocrx_word' id='word_1_5' title='bbox 1251 471 1306 524; x_wconf 71' lang='lat'><strong>1⁷⁵</strong></span> 
     </span>
    </p>
   </div>
   <div class='ocr_carea' id='block_1_2' title="bbox 171 613 1310 2661">
    <p class='ocr_par' dir='ltr' id='par_1_2' title="bbox 171 613 1309 1517">
     <span class='ocr_line' id='line_1_2' title="bbox 172 613 1305 712; baseline 0.003 -29"><span class='ocrx_word' id='word_1_6' title='bbox 172 613 242 710; x_wconf 91' lang='lat' dir='ltr'><strong>puli</strong></span> <span class='ocrx_word' id='word_1_7' title='bbox 258 613 414 699; x_wconf 87' lang='lat' dir='ltr'><strong>Romani,</strong></span> <span class='ocrx_word' id='word_1_8' title='bbox 436 614 488 685; x_wconf 92' lang='lat' dir='ltr'><strong>vir</strong></span> <span class='ocrx_word' id='word_1_9' title='bbox 502 616 718 703; x_wconf 88' lang='lat' dir='ltr'><strong>clarissimus,</strong></span> <span class='ocrx_word' id='word_1_10' title='bbox 738 616 820 687; x_wconf 91' lang='lat' dir='ltr'><strong>deos</strong></span> <span class='ocrx_word' id='word_1_11' title='bbox 835 613 962 711; x_wconf 89' lang='lat' dir='ltr'><strong>patrios</strong></span> <span class='ocrx_word' id='word_1_12' title='bbox 979 618 1174 711; x_wconf 77' lang='lat' dir='ltr'>reportabat</span> <span class='ocrx_word' id='word_1_13' title='bbox 1188 620 1305 712; x_wconf 89' lang='lat' dir='ltr'><strong>Seges-</strong></span> 
     </span>
     <span class='ocr_line' id='line_1_3' title="bbox 171 730 1304 826; baseline 0.001 -28"><span class='ocrx_word' id='word_1_14' title='bbox 171 730 269 814; x_wconf 81' lang='lat' dir='ltr'>tanis,</span> <span class='ocrx_word' id='word_1_15' title='bbox 284 754 325 799; x_wconf 88' lang='lat' dir='ltr'><strong>ex</strong></span> <span class='ocrx_word' id='word_1_16' title='bbox 345 731 429 800; x_wconf 93' lang='lat' dir='ltr'><strong>urbe</strong></span> <span class='ocrx_word' id='word_1_17' title='bbox 444 730 593 800; x_wconf 90' lang='lat' dir='ltr'><strong>bostium</strong></span> <span class='ocrx_word' id='word_1_18' title='bbox 611 746 848 826; x_wconf 83' lang='lat' dir='ltr'><strong>recuperatos3</strong></span> <span class='ocrx_word' id='word_1_19' title='bbox 861 757 954 801; x_wconf 93' lang='lat' dir='ltr'><strong>nunc</strong></span> <span class='ocrx_word' id='word_1_20' title='bbox 972 757 1013 801; x_wconf 88' lang='lat' dir='ltr'><strong>ex</strong></span> <span class='ocrx_word' id='word_1_21' title='bbox 1031 734 1117 802; x_wconf 91' lang='lat' dir='ltr'><strong>urbe</strong></span> <span class='ocrx_word' id='word_1_22' title='bbox 1135 733 1304 801; x_wconf 89' lang='lat' dir='ltr'><strong>sociorum</strong></span> 
     </span>
     <span class='ocr_line' id='line_1_4' title="bbox 171 844 1306 942; baseline 0.003 -29"><span class='ocrx_word' id='word_1_23' title='bbox 171 858 298 938; x_wconf 83' lang='lat' dir='ltr'><strong>praetor</strong></span> <span class='ocrx_word' id='word_1_24' title='bbox 316 844 467 938; x_wconf 89' lang='lat' dir='ltr'><strong>ejusdem</strong></span> <span class='ocrx_word' id='word_1_25' title='bbox 487 846 605 941; x_wconf 91' lang='lat' dir='ltr'><strong>populi</strong></span> <span class='ocrx_word' id='word_1_26' title='bbox 624 847 839 940; x_wconf 87' lang='lat' dir='ltr'><strong>turpissimus</strong></span> <span class='ocrx_word' id='word_1_27' title='bbox 858 861 960 941; x_wconf 87' lang='lat' dir='ltr'><strong>atque</strong></span> <span class='ocrx_word' id='word_1_28' title='bbox 978 846 1215 942; x_wconf 89' lang='lat' dir='ltr'><strong>inpurissimns</strong></span> <span class='ocrx_word' id='word_1_29' title='bbox 1234 872 1306 916; x_wconf 90' lang='lat' dir='ltr'><strong>eos·</strong></span> 
     </span>
     <span class='ocr_line' id='line_1_5' title="bbox 171 959 1307 1051; baseline 0.002 -23"><span class='ocrx_word' id='word_1_30' title='bbox 171 959 249 1029; x_wconf 92' lang='lat' dir='ltr'><strong>dem</strong></span> <span class='ocrx_word' id='word_1_31' title='bbox 275 959 351 1029; x_wconf 89' lang='lat' dir='ltr'><strong>illos</strong></span> <span class='ocrx_word' id='word_1_32' title='bbox 381 959 463 1030; x_wconf 92' lang='lat' dir='ltr'><strong>deos</strong></span> <span class='ocrx_word' id='word_1_33' title='bbox 487 959 619 1030; x_wconf 79' lang='lat' dir='ltr'><strong>nefario</strong></span> <span class='ocrx_word' id='word_1_34' title='bbox 646 962 774 1033; x_wconf 88' lang='lat' dir='ltr'><strong>scelere</strong></span> <span class='ocrx_word' id='word_1_35' title='bbox 803 960 990 1031; x_wconf 78' lang='lat' dir='ltr'><strong>auferebat.</strong></span> <span class='ocrx_word' id='word_1_36' title='bbox 1024 961 1116 1051; x_wconf 89' lang='lat' dir='ltr'><strong>Quid</strong></span> <span class='ocrx_word' id='word_1_37' title='bbox 1146 962 1212 1031; x_wconf 90' lang='lat' dir='ltr'><strong>hoc</strong></span> <span class='ocrx_word' id='word_1_38' title='bbox 1238 976 1307 1030; x_wconf 86' lang='lat' dir='ltr'><strong>tota</strong></span> 
     </span>
     <span class='ocr_line' id='line_1_6' title="bbox 171 1074 1308 1171; baseline 0.001 -28"><span class='ocrx_word' id='word_1_39' title='bbox 171 1074 286 1144; x_wconf 85' lang='lat' dir='ltr'><strong>Sicilia</strong></span> <span class='ocrx_word' id='word_1_40' title='bbox 303 1088 354 1144; x_wconf 91' lang='lat' dir='ltr'><strong>est</strong></span> <span class='ocrx_word' id='word_1_41' title='bbox 377 1075 512 1161; x_wconf 88' lang='lat' dir='ltr'><strong>clarius,</strong></span> <span class='ocrx_word' id='word_1_42' title='bbox 536 1101 638 1170; x_wconf 91' lang='lat' dir='ltr'><strong>quam</strong></span> <span class='ocrx_word' id='word_1_43' title='bbox 658 1076 768 1145; x_wconf 92' lang='lat' dir='ltr'><strong>omnis</strong></span> <span class='ocrx_word' id='word_1_44' title='bbox 788 1079 935 1171; x_wconf 82' lang='lat' dir='ltr'><strong>Segestae</strong></span> <span class='ocrx_word' id='word_1_45' title='bbox 954 1090 1126 1146; x_wconf 88' lang='lat' dir='ltr'><strong>matronas</strong></span> <span class='ocrx_word' id='word_1_46' title='bbox 1149 1090 1182 1146; x_wconf 88' lang='lat' dir='ltr'><strong>et</strong></span> <span class='ocrx_word' id='word_1_47' title='bbox 1201 1075 1308 1171; x_wconf 88' lang='lat' dir='ltr'><strong>virgi-</strong></span> 
     </span>
     <span class='ocr_line' id='line_1_7' title="bbox 171 1189 1307 1286; baseline 0.002 -28"><span class='ocrx_word' id='word_1_48' title='bbox 171 1215 231 1260; x_wconf 91' lang='lat' dir='ltr'><strong>nes</strong></span> <span class='ocrx_word' id='word_1_49' title='bbox 251 1189 451 1260; x_wconf 90' lang='lat' dir='ltr'><strong>convenisse</strong></span> <span class='ocrx_word' id='word_1_50' title='bbox 470 1216 549 1260; x_wconf 87' lang='lat' dir='ltr'><strong>cum</strong></span> <span class='ocrx_word' id='word_1_51' title='bbox 568 1190 676 1260; x_wconf 92' lang='lat' dir='ltr'><strong>Diana</strong></span> <span class='ocrx_word' id='word_1_52' title='bbox 696 1205 934 1286; x_wconf 80' lang='lat' dir='ltr'><strong>exportaretur</strong></span> <span class='ocrx_word' id='word_1_53' title='bbox 950 1215 992 1260; x_wconf 83' lang='lat' dir='ltr'><strong>ex</strong></span> <span class='ocrx_word' id='word_1_54' title='bbox 1008 1191 1149 1286; x_wconf 86' lang='lat' dir='ltr'><strong>oppido,</strong></span> <span class='ocrx_word' id='word_1_55' title='bbox 1172 1191 1307 1260; x_wconf 89' lang='lat' dir='ltr'><strong>unxisse</strong></span> 
     </span>
     <span class='ocr_line' id='line_1_8' title="bbox 171 1304 1309 1401; baseline 0.001 -28"><span class='ocrx_word' id='word_1_56' title='bbox 171 1304 367 1400; x_wconf 86' lang='lat' dir='ltr'><strong>unguentis,</strong></span> <span class='ocrx_word' id='word_1_57' title='bbox 404 1306 592 1401; x_wconf 83' lang='lat' dir='ltr'>complesse</span> <span class='ocrx_word' id='word_1_58' title='bbox 627 1307 764 1375; x_wconf 91' lang='lat' dir='ltr'><strong>coronis</strong></span> <span class='ocrx_word' id='word_1_59' title='bbox 792 1320 827 1376; x_wconf 91' lang='lat' dir='ltr'><strong>et</strong></span> <span class='ocrx_word' id='word_1_60' title='bbox 850 1306 1003 1392; x_wconf 87' lang='lat' dir='ltr'><strong>floribus,</strong></span> <span class='ocrx_word' id='word_1_61' title='bbox 1032 1320 1108 1376; x_wconf 87' lang='lat' dir='ltr'><strong>ture</strong></span> <span class='ocrx_word' id='word_1_62' title='bbox 1145 1305 1309 1375; x_wconf 89' lang='lat' dir='ltr'><strong>odoribus</strong></span> 
     </span>
     <span class='ocr_line' id='line_1_9' title="bbox 172 1418 1039 1517; baseline 0.002 -31"><span class='ocrx_word' id='word_1_63' title='bbox 172 1418 318 1489; x_wconf 89' lang='lat' dir='ltr'><strong>incensis</strong></span> <span class='ocrx_word' id='word_1_64' title='bbox 337 1445 445 1514; x_wconf 90' lang='lat' dir='ltr'><strong>usque</strong></span> <span class='ocrx_word' id='word_1_65' title='bbox 464 1420 507 1489; x_wconf 88' lang='lat' dir='ltr'><strong>ad</strong></span> <span class='ocrx_word' id='word_1_66' title='bbox 526 1420 598 1515; x_wconf 91' lang='lat' dir='ltr'><strong>agri</strong></span> <span class='ocrx_word' id='word_1_67' title='bbox 618 1419 703 1490; x_wconf 85' lang='lat' dir='ltr'><strong>lines</strong></span> <span class='ocrx_word' id='word_1_68' title='bbox 720 1435 921 1517; x_wconf 85' lang='lat' dir='ltr'><strong>prosecutas</strong></span> <span class='ocrx_word' id='word_1_69' title='bbox 939 1419 1039 1491; x_wconf 78' lang='lat' dir='ltr'><strong>esse?</strong></span> 
     </span>
    </p>

    <p class='ocr_par' dir='ltr' id='par_1_3' title="bbox 171 1533 1310 2661">
     <span class='ocr_line' id='line_1_10' title="bbox 220 1533 1308 1631; baseline 0.003 -30"><span class='ocrx_word' id='word_1_70' title='bbox 220 1537 281 1624; x_wconf 78' lang='lat'><strong>[78]</strong></span> <span class='ocrx_word' id='word_1_71' title='bbox 302 1537 400 1602; x_wconf 90' lang='lat' dir='ltr'><strong>Hanc</strong></span> <span class='ocrx_word' id='word_1_72' title='bbox 418 1546 456 1602; x_wconf 93' lang='lat' dir='ltr'><strong>tu</strong></span> <span class='ocrx_word' id='word_1_73' title='bbox 475 1547 602 1603; x_wconf 79' lang='lat' dir='ltr'><strong>tantam</strong></span> <span class='ocrx_word' id='word_1_74' title='bbox 621 1535 823 1630; x_wconf 84' lang='lat' dir='ltr'><strong>religionem</strong></span> <span class='ocrx_word' id='word_1_75' title='bbox 842 1534 870 1604; x_wconf 91' lang='lat' dir='ltr'><strong>si</strong></span> <span class='ocrx_word' id='word_1_76' title='bbox 889 1548 961 1603; x_wconf 88' lang='lat' dir='ltr'><strong>tum</strong></span> <span class='ocrx_word' id='word_1_77' title='bbox 981 1534 1017 1603; x_wconf 93' lang='lat' dir='ltr'><strong>in</strong></span> <span class='ocrx_word' id='word_1_78' title='bbox 1036 1533 1181 1630; x_wconf 91' lang='lat' dir='ltr'><strong>imperio</strong></span> <span class='ocrx_word' id='word_1_79' title='bbox 1200 1560 1308 1631; x_wconf 92' lang='lat' dir='ltr'><strong>prop·</strong></span> 
     </span>
     <span class='ocr_line' id='line_1_11' title="bbox 173 1648 1308 1744; baseline 0.002 -28"><span class='ocrx_word' id='word_1_80' title='bbox 173 1660 224 1717; x_wconf 91' lang='lat' dir='ltr'><strong>ter</strong></span> <span class='ocrx_word' id='word_1_81' title='bbox 256 1648 477 1743; x_wconf 84' lang='lat' dir='ltr'><strong>cupiditatem</strong></span> <span class='ocrx_word' id='word_1_82' title='bbox 511 1662 613 1744; x_wconf 88' lang='lat' dir='ltr'><strong>atque</strong></span> <span class='ocrx_word' id='word_1_83' title='bbox 645 1648 822 1719; x_wconf 90' lang='lat' dir='ltr'><strong>audaciam</strong></span> <span class='ocrx_word' id='word_1_84' title='bbox 849 1674 921 1718; x_wconf 94' lang='lat' dir='ltr'><strong>non</strong></span> <span class='ocrx_word' id='word_1_85' title='bbox 957 1650 1233 1744; x_wconf 85' lang='lat' dir='ltr'><strong>pertimescebas,</strong></span> <span class='ocrx_word' id='word_1_86' title='bbox 1265 1673 1308 1719; x_wconf 93' lang='lat' dir='ltr'><strong>ne</strong></span> 
     </span>
     <span class='ocr_line' id='line_1_12' title="bbox 171 1757 1307 1860; baseline 0.001 -28"><span class='ocrx_word' id='word_1_87' title='bbox 171 1789 264 1832; x_wconf 90' lang='lat' dir='ltr'><strong>nunc</strong></span> <span class='ocrx_word' id='word_1_88' title='bbox 281 1763 418 1858; x_wconf 92' lang='lat' dir='ltr'><strong>quidem</strong></span> <span class='ocrx_word' id='word_1_89' title='bbox 447 1763 482 1833; x_wconf 95' lang='lat' dir='ltr'><strong>in</strong></span> <span class='ocrx_word' id='word_1_90' title='bbox 507 1778 602 1833; x_wconf 87' lang='lat' dir='ltr'><strong>tanto</strong></span> <span class='ocrx_word' id='word_1_91' title='bbox 625 1757 685 1834; x_wconf 85' lang='lat' dir='ltr'><strong>tuo</strong></span> <span class='ocrx_word' id='word_1_92' title='bbox 705 1765 961 1860; x_wconf 90' lang='lat' dir='ltr'><strong>liberorumque</strong></span> <span class='ocrx_word' id='word_1_93' title='bbox 985 1778 1123 1835; x_wconf 88' lang='lat' dir='ltr'><strong>tuorum</strong></span> <span class='ocrx_word' id='word_1_94' title='bbox 1152 1765 1307 1860; x_wconf 89' lang='lat' dir='ltr'><strong>periculo</strong></span> 
     </span>
     <span class='ocr_line' id='line_1_13' title="bbox 172 1877 1306 1973; baseline 0 -25"><span class='ocrx_word' id='word_1_95' title='bbox 172 1878 406 1973; x_wconf 87' lang='lat' dir='ltr'><strong>perhorrescis</strong></span> <span class='ocrx_word' id='word_1_96' title='bbox 420 1877 434 1946; x_wconf 73' lang='grc' dir='ltr'><strong><em>Ρ</em></strong></span> <span class='ocrx_word' id='word_1_97' title='bbox 447 1880 560 1969; x_wconf 88' lang='lat' dir='ltr'><strong>Quem</strong></span> <span class='ocrx_word' id='word_1_98' title='bbox 576 1879 637 1949; x_wconf 83' lang='lat' dir='ltr'><strong>tibi</strong></span> <span class='ocrx_word' id='word_1_99' title='bbox 657 1894 716 1949; x_wconf 91' lang='lat' dir='ltr'><strong>aut</strong></span> <span class='ocrx_word' id='word_1_100' title='bbox 734 1879 908 1950; x_wconf 92' lang='lat' dir='ltr'><strong>hominem</strong></span> <span class='ocrx_word' id='word_1_101' title='bbox 925 1879 1040 1949; x_wconf 88' lang='lat' dir='ltr'><strong>invitis</strong></span> <span class='ocrx_word' id='word_1_102' title='bbox 1057 1880 1121 1949; x_wconf 91' lang='lat' dir='ltr'><strong>diis</strong></span> <span class='ocrx_word' id='word_1_103' title='bbox 1141 1880 1306 1951; x_wconf 85' lang='lat' dir='ltr'><strong>inmorta-</strong></span> 
     </span>
     <span class='ocr_line' id='line_1_14' title="bbox 172 1992 1308 2090; baseline 0.001 -29"><span class='ocrx_word' id='word_1_104' title='bbox 172 1993 260 2063; x_wconf 90' lang='lat' dir='ltr'><strong>libus</strong></span> <span class='ocrx_word' id='word_1_105' title='bbox 279 2007 337 2062; x_wconf 89' lang='lat' dir='ltr'><strong>aut</strong></span> <span class='ocrx_word' id='word_1_106' title='bbox 355 2018 438 2063; x_wconf 87' lang='lat' dir='ltr'><strong>vero</strong></span> <span class='ocrx_word' id='word_1_107' title='bbox 457 1992 561 2064; x_wconf 91' lang='lat' dir='ltr'><strong>deum</strong></span> <span class='ocrx_word' id='word_1_108' title='bbox 578 1993 679 2063; x_wconf 90' lang='lat' dir='ltr'><strong>tantis</strong></span> <span class='ocrx_word' id='word_1_109' title='bbox 696 2018 815 2064; x_wconf 90' lang='lat' dir='ltr'><strong>eorum</strong></span> <span class='ocrx_word' id='word_1_110' title='bbox 831 1994 1055 2090; x_wconf 85' lang='lat' dir='ltr'><strong>religionibus</strong></span> <span class='ocrx_word' id='word_1_111' title='bbox 1067 1995 1200 2064; x_wconf 87' lang='lat' dir='ltr'><strong>violatis</strong></span> <span class='ocrx_word' id='word_1_112' title='bbox 1217 1993 1308 2064; x_wconf 82' lang='lat' dir='ltr'><strong>auxi·</strong></span> 
     </span>
     <span class='ocr_line' id='line_1_15' title="bbox 173 2106 1309 2204; baseline 0.002 -28"><span class='ocrx_word' id='word_1_113' title='bbox 173 2107 218 2176; x_wconf 92' lang='lat' dir='ltr'><strong>lio</strong></span> <span class='ocrx_word' id='word_1_114' title='bbox 238 2107 391 2176; x_wconf 88' lang='lat' dir='ltr'><strong>futurum</strong></span> <span class='ocrx_word' id='word_1_115' title='bbox 410 2121 508 2203; x_wconf 88' lang='lat' dir='ltr'><strong>putas</strong></span> <span class='ocrx_word' id='word_1_116' title='bbox 526 2106 541 2175; x_wconf 76' lang='lat' dir='ltr'><strong>i</strong></span> <span class='ocrx_word' id='word_1_117' title='bbox 556 2107 634 2177; x_wconf 91' lang='lat' dir='ltr'><strong>Tibi</strong></span> <span class='ocrx_word' id='word_1_118' title='bbox 663 2108 718 2177; x_wconf 88' lang='lat' dir='ltr'><strong>illa</strong></span> <span class='ocrx_word' id='word_1_119' title='bbox 745 2109 854 2178; x_wconf 89' lang='lat' dir='ltr'><strong>Diana</strong></span> <span class='ocrx_word' id='word_1_120' title='bbox 878 2108 914 2177; x_wconf 94' lang='lat' dir='ltr'><strong>in</strong></span> <span class='ocrx_word' id='word_1_121' title='bbox 939 2133 1024 2204; x_wconf 88' lang='lat' dir='ltr'><strong>pace</strong></span> <span class='ocrx_word' id='word_1_122' title='bbox 1049 2123 1151 2203; x_wconf 90' lang='lat' dir='ltr'><strong>atque</strong></span> <span class='ocrx_word' id='word_1_123' title='bbox 1176 2109 1213 2178; x_wconf 94' lang='lat' dir='ltr'><strong>in</strong></span> <span class='ocrx_word' id='word_1_124' title='bbox 1239 2107 1309 2178; x_wconf 91' lang='lat' dir='ltr'><strong>otio</strong></span> 
     </span>
     <span class='ocr_line' id='line_1_16' title="bbox 173 2221 1310 2318; baseline 0 -26"><span class='ocrx_word' id='word_1_125' title='bbox 173 2221 373 2317; x_wconf 84' lang='lat' dir='ltr'><strong>religionem</strong></span> <span class='ocrx_word' id='word_1_126' title='bbox 393 2222 519 2291; x_wconf 88' lang='lat' dir='ltr'><strong>nullam</strong></span> <span class='ocrx_word' id='word_1_127' title='bbox 540 2222 673 2302; x_wconf 84' lang='lat' dir='ltr'><strong>attulit3</strong></span> <span class='ocrx_word' id='word_1_128' title='bbox 696 2247 870 2316; x_wconf 85' lang='lat' dir='ltr'><strong>quae‚cum</strong></span> <span class='ocrx_word' id='word_1_129' title='bbox 894 2221 980 2293; x_wconf 85' lang='lat' dir='ltr'><strong>duas</strong></span> <span class='ocrx_word' id='word_1_130' title='bbox 999 2223 1105 2309; x_wconf 93' lang='lat' dir='ltr'><strong>urbis,</strong></span> <span class='ocrx_word' id='word_1_131' title='bbox 1128 2223 1164 2292; x_wconf 90' lang='lat' dir='ltr'><strong>in</strong></span> <span class='ocrx_word' id='word_1_132' title='bbox 1187 2223 1310 2318; x_wconf 91' lang='lat' dir='ltr'><strong>quibus</strong></span> 
     </span>
     <span class='ocr_line' id='line_1_17' title="bbox 173 2336 1310 2432; baseline -0.001 -26"><span class='ocrx_word' id='word_1_133' title='bbox 173 2338 281 2407; x_wconf 91' lang='lat' dir='ltr'><strong>locata</strong></span> <span class='ocrx_word' id='word_1_134' title='bbox 310 2336 432 2422; x_wconf 86' lang='lat' dir='ltr'><strong>fuerat,</strong></span> <span class='ocrx_word' id='word_1_135' title='bbox 463 2350 577 2432; x_wconf 90' lang='lat' dir='ltr'><strong>captas</strong></span> <span class='ocrx_word' id='word_1_136' title='bbox 596 2336 819 2431; x_wconf 89' lang='lat' dir='ltr'><strong>incensasque</strong></span> <span class='ocrx_word' id='word_1_137' title='bbox 842 2337 992 2423; x_wconf 91' lang='lat' dir='ltr'><strong>vidisset,</strong></span> <span class='ocrx_word' id='word_1_138' title='bbox 1022 2337 1073 2407; x_wconf 92' lang='lat' dir='ltr'><strong>bis</strong></span> <span class='ocrx_word' id='word_1_139' title='bbox 1098 2362 1140 2407; x_wconf 84' lang='lat' dir='ltr'><strong>ex</strong></span> <span class='ocrx_word' id='word_1_140' title='bbox 1163 2337 1310 2407; x_wconf 91' lang='lat' dir='ltr'><strong>duorum</strong></span> 
     </span>
     <span class='ocr_line' id='line_1_18' title="bbox 173 2451 1310 2548; baseline 0 -27"><span class='ocrx_word' id='word_1_141' title='bbox 173 2453 341 2523; x_wconf 91' lang='lat' dir='ltr'><strong>bellorum</strong></span> <span class='ocrx_word' id='word_1_142' title='bbox 359 2451 494 2521; x_wconf 87' lang='lat' dir='ltr'><strong>flamma</strong></span> <span class='ocrx_word' id='word_1_143' title='bbox 513 2451 674 2546; x_wconf 85' lang='lat' dir='ltr'><strong>ferroque</strong></span> <span class='ocrx_word' id='word_1_144' title='bbox 693 2465 824 2521; x_wconf 87' lang='lat' dir='ltr'><strong>servata</strong></span> <span class='ocrx_word' id='word_1_145' title='bbox 841 2466 908 2539; x_wconf 89' lang='lat' dir='ltr'><strong>est;</strong></span> <span class='ocrx_word' id='word_1_146' title='bbox 930 2477 1018 2546; x_wconf 76' lang='lat' dir='ltr'><strong>quac,</strong></span> <span class='ocrx_word' id='word_1_147' title='bbox 1041 2452 1310 2548; x_wconf 87' lang='lat' dir='ltr'><strong>Karthaginien-</strong></span> 
     </span>
     <span class='ocr_line' id='line_1_19' title="bbox 175 2565 1307 2661; baseline -0.001 -26"><span class='ocrx_word' id='word_1_148' title='bbox 175 2565 259 2636; x_wconf 92' lang='lat' dir='ltr'><strong>sium</strong></span> <span class='ocrx_word' id='word_1_149' title='bbox 276 2565 419 2634; x_wconf 87' lang='lat' dir='ltr'><strong>victoria</strong></span> <span class='ocrx_word' id='word_1_150' title='bbox 437 2565 513 2634; x_wconf 94' lang='lat' dir='ltr'><strong>loco</strong></span> <span class='ocrx_word' id='word_1_151' title='bbox 532 2578 675 2651; x_wconf 89' lang='lat' dir='ltr'><strong>mutato,</strong></span> <span class='ocrx_word' id='word_1_152' title='bbox 688 2565 891 2661; x_wconf 84' lang='lat' dir='ltr'><strong>religionem</strong></span> <span class='ocrx_word' id='word_1_153' title='bbox 909 2578 1024 2636; x_wconf 87' lang='lat' dir='ltr'><strong>tamen</strong></span> <span class='ocrx_word' id='word_1_154' title='bbox 1037 2590 1107 2635; x_wconf 93' lang='lat' dir='ltr'><strong>non</strong></span> <span class='ocrx_word' id='word_1_155' title='bbox 1122 2566 1250 2653; x_wconf 82' lang='lat' dir='ltr'><strong>amisit3</strong></span> <span class='ocrx_word' id='word_1_156' title='bbox 1268 2569 1307 2635; x_wconf 91' lang='lat' dir='ltr'><strong>P.</strong></span> 
     </span>
    </p>
   </div>
   <div class='ocr_carea' id='block_1_3' title="bbox 174 2680 1310 3122">
    <p class='ocr_par' dir='ltr' id='par_1_4' title="bbox 174 2680 1310 2891">
     <span class='ocr_line' id='line_1_20' title="bbox 174 2680 1246 2776; baseline 0.004 -28"><span class='ocrx_word' id='word_1_157' title='bbox 174 2680 325 2749; x_wconf 78' lang='lat' dir='ltr'><strong>Africani</strong></span> <span class='ocrx_word' id='word_1_158' title='bbox 340 2680 464 2749; x_wconf 90' lang='lat' dir='ltr'><strong>virtute</strong></span> <span class='ocrx_word' id='word_1_159' title='bbox 481 2680 683 2775; x_wconf 91' lang='lat' dir='ltr'><strong>religionem</strong></span> <span class='ocrx_word' id='word_1_160' title='bbox 702 2680 803 2750; x_wconf 94' lang='lat' dir='ltr'><strong>simul</strong></span> <span class='ocrx_word' id='word_1_161' title='bbox 818 2706 896 2750; x_wconf 95' lang='lat' dir='ltr'><strong>cum</strong></span> <span class='ocrx_word' id='word_1_162' title='bbox 913 2680 990 2750; x_wconf 92' lang='lat' dir='ltr'><strong>loco</strong></span> <span class='ocrx_word' id='word_1_163' title='bbox 1006 2681 1246 2776; x_wconf 84' lang='lat' dir='ltr'><strong>recuperavit?</strong></span> 
     </span>
     <span class='ocr_line' id='line_1_21' title="bbox 220 2795 1310 2891; baseline 0 -27"><span class='ocrx_word' id='word_1_164' title='bbox 220 2796 299 2884; x_wconf 90' lang='lat' dir='ltr'><strong>Quo</strong></span> <span class='ocrx_word' id='word_1_165' title='bbox 325 2795 465 2889; x_wconf 92' lang='lat' dir='ltr'><strong>quidem</strong></span> <span class='ocrx_word' id='word_1_166' title='bbox 489 2795 618 2865; x_wconf 89' lang='lat' dir='ltr'><strong>scelere</strong></span> <span class='ocrx_word' id='word_1_167' title='bbox 641 2809 800 2891; x_wconf 88' lang='lat' dir='ltr'><strong>suscepto</strong></span> <span class='ocrx_word' id='word_1_168' title='bbox 824 2820 903 2864; x_wconf 94' lang='lat' dir='ltr'><strong>cum</strong></span> <span class='ocrx_word' id='word_1_169' title='bbox 927 2795 1037 2866; x_wconf 89' lang='lat' dir='ltr'><strong>inanis</strong></span> <span class='ocrx_word' id='word_1_170' title='bbox 1060 2810 1149 2866; x_wconf 90' lang='lat' dir='ltr'><strong>esset</strong></span> <span class='ocrx_word' id='word_1_171' title='bbox 1166 2795 1255 2865; x_wconf 90' lang='lat' dir='ltr'><strong>basis</strong></span> <span class='ocrx_word' id='word_1_172' title='bbox 1275 2810 1310 2866; x_wconf 89' lang='lat' dir='ltr'><strong>et</strong></span> 
     </span>
    </p>

    <p class='ocr_par' dir='ltr' id='par_1_5' title="bbox 175 2908 1308 3007">
     <span class='ocr_line' id='line_1_22' title="bbox 175 2908 1308 3007; baseline 0.003 -29"><span class='ocrx_word' id='word_1_173' title='bbox 175 2910 209 2979; x_wconf 93' lang='lat' dir='ltr'><strong>in</strong></span> <span class='ocrx_word' id='word_1_174' title='bbox 223 2935 262 2980; x_wconf 92' lang='lat' dir='ltr'><strong>ea</strong></span> <span class='ocrx_word' id='word_1_175' title='bbox 281 2913 320 2978; x_wconf 89' lang='lat' dir='ltr'><strong>P.</strong></span> <span class='ocrx_word' id='word_1_176' title='bbox 343 2908 495 2979; x_wconf 74' lang='lat' dir='ltr'><strong>Africani</strong></span> <span class='ocrx_word' id='word_1_177' title='bbox 514 2935 641 2980; x_wconf 91' lang='lat' dir='ltr'><strong>nomen</strong></span> <span class='ocrx_word' id='word_1_178' title='bbox 658 2909 815 2997; x_wconf 88' lang='lat' dir='ltr'><strong>incisum,</strong></span> <span class='ocrx_word' id='word_1_179' title='bbox 835 2935 889 2980; x_wconf 91' lang='lat' dir='ltr'><strong>res</strong></span> <span class='ocrx_word' id='word_1_180' title='bbox 908 2910 1048 3007; x_wconf 92' lang='lat' dir='ltr'><strong>indigna</strong></span> <span class='ocrx_word' id='word_1_181' title='bbox 1067 2925 1169 3006; x_wconf 90' lang='lat' dir='ltr'><strong>atque</strong></span> <span class='ocrx_word' id='word_1_182' title='bbox 1189 2911 1308 2981; x_wconf 89' lang='lat' dir='ltr'><strong>intole-</strong></span> 
     </span>
    </p>

    <p class='ocr_par' dir='ltr' id='par_1_6' title="bbox 175 3023 1310 3122">
     <span class='ocr_line' id='line_1_23' title="bbox 175 3023 1310 3122; baseline 0 -28"><span class='ocrx_word' id='word_1_183' title='bbox 175 3024 280 3095; x_wconf 87' lang='lat' dir='ltr'><strong>randa</strong></span> <span class='ocrx_word' id='word_1_184' title='bbox 298 3023 479 3094; x_wconf 87' lang='lat' dir='ltr'><strong>videbatur</strong></span> <span class='ocrx_word' id='word_1_185' title='bbox 497 3025 667 3109; x_wconf 88' lang='lat' dir='ltr'><strong>omnibus,</strong></span> <span class='ocrx_word' id='word_1_186' title='bbox 689 3050 759 3094; x_wconf 94' lang='lat' dir='ltr'><strong>non</strong></span> <span class='ocrx_word' id='word_1_187' title='bbox 778 3026 888 3095; x_wconf 91' lang='lat' dir='ltr'><strong>solum</strong></span> <span class='ocrx_word' id='word_1_188' title='bbox 905 3025 1090 3122; x_wconf 89' lang='lat' dir='ltr'><strong>religiones</strong></span> <span class='ocrx_word' id='word_1_189' title='bbox 1109 3050 1182 3096; x_wconf 88' lang='lat' dir='ltr'><strong>esse</strong></span> <span class='ocrx_word' id='word_1_190' title='bbox 1200 3026 1310 3095; x_wconf 86' lang='lat' dir='ltr'><strong>viola-</strong></span> 
     </span>
    </p>
   </div>
   <div class='ocr_carea' id='block_1_4' title="bbox 176 3166 1314 3378">
    <p class='ocr_par' dir='ltr' id='par_1_7' title="bbox 176 3166 1314 3378">
     <span class='ocr_line' id='line_1_24' title="bbox 209 3166 1314 3232; baseline 0.001 -13"><span class='ocrx_word' id='word_1_191' title='bbox 209 3175 363 3219; x_wconf 79' lang='lat' dir='ltr'><strong>Vssmnrss:</strong></span> <span class='ocrx_word' id='word_1_192' title='bbox 381 3170 491 3219; x_wconf 76' lang='lat' dir='ltr'><strong>Reum...</strong></span> <span class='ocrx_word' id='word_1_193' title='bbox 507 3175 653 3229; x_wconf 86' lang='lat' dir='ltr'><strong>prosecutos.</strong></span> <span class='ocrx_word' id='word_1_194' title='bbox 664 3191 695 3203; x_wconf 97' lang='lat'><em>-</em></span> <span class='ocrx_word' id='word_1_195' title='bbox 708 3172 747 3213; x_wconf 86' lang='grc'><strong>78.</strong></span> <span class='ocrx_word' id='word_1_196' title='bbox 761 3166 883 3217; x_wconf 82' lang='lat' dir='ltr'><strong>lidesuss.</strong></span> <span class='ocrx_word' id='word_1_197' title='bbox 899 3190 931 3204; x_wconf 88' lang='lat'><strong>·-</strong></span> <span class='ocrx_word' id='word_1_198' title='bbox 942 3169 1125 3232; x_wconf 76' lang='lat' dir='ltr'><strong>Richterpntss,</strong></span> <span class='ocrx_word' id='word_1_199' title='bbox 1141 3170 1160 3216; x_wconf 89' lang='lat' dir='ltr'><strong>si</strong></span> <span class='ocrx_word' id='word_1_200' title='bbox 1175 3170 1230 3219; x_wconf 87' lang='lat' dir='ltr'><strong>tibi.</strong></span> <span class='ocrx_word' id='word_1_201' title='bbox 1244 3199 1277 3212; x_wconf 92' lang='lat'><em>-</em></span> <span class='ocrx_word' id='word_1_202' title='bbox 1292 3176 1314 3220; x_wconf 78' lang='lat' dir='ltr'><em>A</em></span> 
     </span>
     <span class='ocr_line' id='line_1_25' title="bbox 176 3236 1314 3303; baseline -0.001 -12"><span class='ocrx_word' id='word_1_203' title='bbox 176 3261 245 3292; x_wconf 81' lang='lat' dir='ltr'><strong>cause</strong></span> <span class='ocrx_word' id='word_1_204' title='bbox 258 3245 287 3288; x_wconf 84' lang='lat' dir='ltr'><strong>de</strong></span> <span class='ocrx_word' id='word_1_205' title='bbox 297 3242 371 3303; x_wconf 77' lang='lat' dir='ltr'><strong>7tfiu</strong></span> <span class='ocrx_word' id='word_1_206' title='bbox 384 3240 442 3285; x_wconf 82' lang='lat' dir='ltr'><strong>etde</strong></span> <span class='ocrx_word' id='word_1_207' title='bbox 453 3253 520 3285; x_wconf 76' lang='lat' dir='ltr'><strong>xus·</strong></span> <span class='ocrx_word' id='word_1_208' title='bbox 527 3238 578 3300; x_wconf 79' lang='lat' dir='ltr'><strong>fin,</strong></span> <span class='ocrx_word' id='word_1_209' title='bbox 586 3244 626 3292; x_wconf 80' lang='lat'><strong>7⁰,</strong></span> <span class='ocrx_word' id='word_1_210' title='bbox 636 3236 665 3282; x_wconf 80' lang='lat' dir='ltr'><strong>ob</strong></span> <span class='ocrx_word' id='word_1_211' title='bbox 675 3238 761 3295; x_wconf 81' lang='lat' dir='ltr'><strong>locutu,</strong></span> <span class='ocrx_word' id='word_1_212' title='bbox 771 3238 858 3286; x_wconf 82' lang='lat' dir='ltr'><strong>locutio</strong></span> <span class='ocrx_word' id='word_1_213' title='bbox 870 3250 910 3285; x_wconf 81' lang='lat' dir='ltr'><strong>ont</strong></span> <span class='ocrx_word' id='word_1_214' title='bbox 921 3256 951 3285; x_wconf 84' lang='lat' dir='ltr'><strong>uu</strong></span> <span class='ocrx_word' id='word_1_215' title='bbox 966 3250 1032 3286; x_wconf 75' lang='lat' dir='ltr'><strong>assere</strong></span> <span class='ocrx_word' id='word_1_216' title='bbox 1043 3240 1257 3301; x_wconf 73' lang='lat' dir='ltr'><strong>scns.jev01nb·ais</strong></span> <span class='ocrx_word' id='word_1_217' title='bbox 1269 3245 1314 3290; x_wconf 82' lang='lat' dir='ltr'><strong>lire</strong></span> 
     </span>
     <span class='ocr_line' id='line_1_26' title="bbox 177 3308 1313 3378; baseline -0.001 -16"><span class='ocrx_word' id='word_1_218' title='bbox 177 3316 209 3363; x_wconf 81' lang='lat' dir='ltr'><strong>ici</strong></span> <span class='ocrx_word' id='word_1_219' title='bbox 218 3318 240 3361; x_wconf 84' lang='lat' dir='ltr'><strong>iu</strong></span> <span class='ocrx_word' id='word_1_220' title='bbox 252 3313 337 3378; x_wconf 85' lang='lat' dir='ltr'><strong>quibus</strong></span> <span class='ocrx_word' id='word_1_221' title='bbox 350 3313 461 3358; x_wconf 77' lang='lat' dir='ltr'><strong>collocuta</strong></span> <span class='ocrx_word' id='word_1_222' title='bbox 472 3311 558 3356; x_wconf 79' lang='lat' dir='ltr'><strong>lueret.</strong></span> <span class='ocrx_word' id='word_1_223' title='bbox 568 3333 599 3344; x_wconf 92' lang='lat'>-</span> <span class='ocrx_word' id='word_1_224' title='bbox 610 3308 759 3371; x_wconf 76' lang='lat' dir='ltr'><strong>Religionem</strong></span> <span class='ocrx_word' id='word_1_225' title='bbox 769 3320 839 3369; x_wconf 68' lang='lat' dir='ltr'><strong>uuam</strong></span> <span class='ocrx_word' id='word_1_226' title='bbox 848 3311 917 3358; x_wconf 88' lang='lat' dir='ltr'><strong>simul</strong></span> <span class='ocrx_word' id='word_1_227' title='bbox 932 3319 966 3355; x_wconf 83' lang='lat' dir='ltr'><strong>est</strong></span> <span class='ocrx_word' id='word_1_228' title='bbox 978 3311 1079 3372; x_wconf 77' lang='lat' dir='ltr'><strong>regurde&#39;</strong></span> <span class='ocrx_word' id='word_1_229' title='bbox 1090 3310 1106 3356; x_wconf 77' lang='lat' dir='ltr'><strong>ci</strong></span> <span class='ocrx_word' id='word_1_230' title='bbox 1119 3320 1167 3356; x_wconf 83' lang='lat' dir='ltr'><strong>tort</strong></span> <span class='ocrx_word' id='word_1_231' title='bbox 1175 3329 1260 3358; x_wconf 73' lang='lat' dir='ltr'><strong>munite</strong></span> <span class='ocrx_word' id='word_1_232' title='bbox 1269 3331 1313 3361; x_wconf 83' lang='lat' dir='ltr'><strong>urse</strong></span> 
     </span>
    </p>
   </div>
   <div class='ocr_carea' id='block_1_5' title="bbox 174 3385 414 3450">
    <p class='ocr_par' dir='ltr' id='par_1_8' title="bbox 174 3385 414 3450">
     <span class='ocr_line' id='line_1_27' title="bbox 174 3385 414 3450; baseline -0.008 -19"><span class='ocrx_word' id='word_1_233' title='bbox 174 3389 240 3448; x_wconf 78' lang='lat' dir='ltr'><strong>gloss</strong></span> <span class='ocrx_word' id='word_1_234' title='bbox 252 3404 298 3450; x_wconf 81' lang='lat' dir='ltr'><strong>par</strong></span> <span class='ocrx_word' id='word_1_235' title='bbox 314 3385 414 3432; x_wconf 75' lang='lat' dir='ltr'><strong>Richter.</strong></span> 
     </span>
    </p>
   </div>
   <div class='ocr_carea' id='block_1_6' title="bbox 206 3519 718 3723">
    <p class='ocr_par' dir='ltr' id='par_1_9' title="bbox 206 3519 718 3723">
     <span class='ocr_line' id='line_1_28' title="bbox 207 3519 601 3580; baseline -0.005 -13"><span class='ocrx_word' id='word_1_236' title='bbox 207 3525 296 3568; x_wconf 82' lang='lat' dir='ltr'><strong>Deos...</strong></span> <span class='ocrx_word' id='word_1_237' title='bbox 309 3519 362 3566; x_wconf 84' lang='lat' dir='ltr'><strong>deos</strong></span> <span class='ocrx_word' id='word_1_238' title='bbox 375 3540 383 3566; x_wconf 84' lang='lat'><strong>.-</strong></span> <span class='ocrx_word' id='word_1_239' title='bbox 394 3519 480 3580; x_wconf 84' lang='lat' dir='ltr'><strong>pluriel</strong></span> <span class='ocrx_word' id='word_1_240' title='bbox 490 3519 601 3567; x_wconf 82' lang='lat' dir='ltr'><strong>oratoire.</strong></span> 
     </span>
     <span class='ocr_line' id='line_1_29' title="bbox 206 3589 480 3647; baseline -0.011 -9"><span class='ocrx_word' id='word_1_241' title='bbox 206 3595 273 3639; x_wconf 84' lang='lat' dir='ltr'><strong>ll&#39;uuc</strong></span> <span class='ocrx_word' id='word_1_242' title='bbox 286 3589 333 3637; x_wconf 80' lang='lat' dir='ltr'><strong>:cl.</strong></span> <span class='ocrx_word' id='word_1_243' title='bbox 348 3592 378 3647; x_wconf 86' lang='lat' dir='ltr'><strong>V,</strong></span> <span class='ocrx_word' id='word_1_244' title='bbox 389 3597 434 3636; x_wconf 74' lang='lat'><strong>{25</strong></span> <span class='ocrx_word' id='word_1_245' title='bbox 448 3590 480 3636; x_wconf 81' lang='lat' dir='ltr'><strong>iu.</strong></span> 
     </span>
     <span class='ocr_line' id='line_1_30' title="bbox 207 3662 718 3723; baseline -0.002 -17"><span class='ocrx_word' id='word_1_246' title='bbox 207 3663 283 3707; x_wconf 81' lang='lat' dir='ltr'><strong>Hoc...</strong></span> <span class='ocrx_word' id='word_1_247' title='bbox 294 3674 372 3723; x_wconf 78' lang='lat' dir='ltr'><strong>quous.</strong></span> <span class='ocrx_word' id='word_1_248' title='bbox 384 3662 488 3719; x_wconf 74' lang='lat' dir='ltr'><strong>Qrcam...</strong></span> <span class='ocrx_word' id='word_1_249' title='bbox 499 3674 547 3704; x_wconf 82' lang='lat' dir='ltr'><strong>esse</strong></span> <span class='ocrx_word' id='word_1_250' title='bbox 556 3667 592 3704; x_wconf 83' lang='lat' dir='ltr'><strong>cst</strong></span> <span class='ocrx_word' id='word_1_251' title='bbox 601 3673 646 3704; x_wconf 85' lang='lat' dir='ltr'><strong>unc</strong></span> <span class='ocrx_word' id='word_1_252' title='bbox 655 3667 718 3705; x_wconf 87' lang='lat' dir='ltr'><strong>sorte</strong></span> 
     </span>
    </p>
   </div>
   <div class='ocr_carea' id='block_1_7' title="bbox 772 3514 1315 3722">
    <p class='ocr_par' dir='ltr' id='par_1_10' title="bbox 772 3514 1315 3722">
     <span class='ocr_line' id='line_1_31' title="bbox 803 3514 1314 3584; baseline 0 -19"><span class='ocrx_word' id='word_1_253' title='bbox 803 3521 850 3566; x_wconf 81' lang='grc' dir='ltr'><strong>Τιιο</strong></span> <span class='ocrx_word' id='word_1_254' title='bbox 864 3517 1032 3581; x_wconf 76' lang='lat' dir='ltr'><strong>liberorumque</strong></span> <span class='ocrx_word' id='word_1_255' title='bbox 1049 3526 1137 3584; x_wconf 77' lang='lat' dir='ltr'><strong>tuprum</strong></span> <span class='ocrx_word' id='word_1_256' title='bbox 1149 3514 1255 3580; x_wconf 78' lang='lat' dir='ltr'><strong>periculo</strong></span> <span class='ocrx_word' id='word_1_257' title='bbox 1264 3537 1273 3565; x_wconf 85' lang='lat'><strong>.-</strong></span> <span class='ocrx_word' id='word_1_258' title='bbox 1283 3517 1314 3565; x_wconf 84' lang='lat' dir='ltr'><strong>dc</strong></span> 
     </span>
     <span class='ocr_line' id='line_1_32' title="bbox 772 3587 1313 3650; baseline 0 -15"><span class='ocrx_word' id='word_1_259' title='bbox 772 3589 850 3635; x_wconf 71' lang='lat' dir='ltr'><strong>meme</strong></span> <span class='ocrx_word' id='word_1_260' title='bbox 871 3588 915 3644; x_wconf 84' lang='lat' dir='ltr'><strong>nt,</strong></span> <span class='ocrx_word' id='word_1_261' title='bbox 934 3595 960 3636; x_wconf 73' lang='lat' dir='ltr'><strong>tl</strong></span> <span class='ocrx_word' id='word_1_262' title='bbox 985 3588 1029 3646; x_wconf 79' lang='lat' dir='ltr'><strong>fin.</strong></span> <span class='ocrx_word' id='word_1_263' title='bbox 1047 3591 1108 3634; x_wconf 81' lang='lat' dir='ltr'><strong>Pour</strong></span> <span class='ocrx_word' id='word_1_264' title='bbox 1122 3587 1254 3645; x_wconf 77' lang='lat' dir='ltr'><strong>liberorum,</strong></span> <span class='ocrx_word' id='word_1_265' title='bbox 1272 3588 1313 3650; x_wconf 84' lang='lat' dir='ltr'><strong>qui</strong></span> 
     </span>
     <span class='ocr_line' id='line_1_33' title="bbox 772 3657 1315 3722; baseline -0.004 -16"><span class='ocrx_word' id='word_1_266' title='bbox 772 3659 867 3722; x_wconf 70' lang='lat' dir='ltr'><strong>disigne</strong></span> <span class='ocrx_word' id='word_1_267' title='bbox 890 3657 913 3705; x_wconf 86' lang='lat' dir='ltr'><strong>le</strong></span> <span class='ocrx_word' id='word_1_268' title='bbox 925 3658 974 3722; x_wconf 79' lang='lat' dir='ltr'><strong>fils</strong></span> <span class='ocrx_word' id='word_1_269' title='bbox 992 3659 1023 3705; x_wconf 86' lang='lat' dir='ltr'><strong>de</strong></span> <span class='ocrx_word' id='word_1_270' title='bbox 1043 3660 1138 3714; x_wconf 75' lang='lat' dir='ltr'><strong>Verres,</strong></span> <span class='ocrx_word' id='word_1_271' title='bbox 1157 3675 1182 3706; x_wconf 87' lang='lat' dir='ltr'><strong>sc</strong></span> <span class='ocrx_word' id='word_1_272' title='bbox 1205 3661 1315 3720; x_wconf 74' lang='lat' dir='ltr'><strong>roppeler</strong></span> 
     </span>
    </p>
   </div>
   <div class='ocr_carea' id='block_1_8' title="bbox 175 3729 722 4626">
    <p class='ocr_par' dir='ltr' id='par_1_11' title="bbox 176 3729 721 4149">
     <span class='ocr_line' id='line_1_34' title="bbox 176 3729 718 3793; baseline -0.007 -15"><span class='ocrx_word' id='word_1_273' title='bbox 176 3729 331 3793; x_wconf 74' lang='lat' dir='ltr'><strong>d&#39;epcxegcse</strong></span> <span class='ocrx_word' id='word_1_274' title='bbox 354 3729 384 3775; x_wconf 88' lang='lat' dir='ltr'><strong>de</strong></span> <span class='ocrx_word' id='word_1_275' title='bbox 401 3729 451 3775; x_wconf 79' lang='lat' dir='ltr'><strong>boc.</strong></span> <span class='ocrx_word' id='word_1_276' title='bbox 473 3730 543 3776; x_wconf 81' lang='lat' dir='ltr'><strong>Cette</strong></span> <span class='ocrx_word' id='word_1_277' title='bbox 561 3729 718 3775; x_wconf 78' lang='lat' dir='ltr'><strong>construction</strong></span> 
     </span>
     <span class='ocr_line' id='line_1_35' title="bbox 177 3798 718 3864; baseline -0.009 -15"><span class='ocrx_word' id='word_1_278' title='bbox 177 3802 341 3864; x_wconf 78' lang='lat' dir='ltr'><strong>pliouustique</strong></span> <span class='ocrx_word' id='word_1_279' title='bbox 351 3811 388 3846; x_wconf 85' lang='lat' dir='ltr'><strong>cst</strong></span> <span class='ocrx_word' id='word_1_280' title='bbox 400 3798 524 3862; x_wconf 66' lang='lat' dir='ltr'><strong>trequente</strong></span> <span class='ocrx_word' id='word_1_281' title='bbox 538 3800 595 3845; x_wconf 84' lang='lat' dir='ltr'><strong>dnus</strong></span> <span class='ocrx_word' id='word_1_282' title='bbox 611 3799 718 3846; x_wconf 68' lang='lat' dir='ltr'><strong>Cicerou.</strong></span> 
     </span>
     <span class='ocr_line' id='line_1_36' title="bbox 177 3872 720 3935; baseline -0.007 -15"><span class='ocrx_word' id='word_1_283' title='bbox 177 3875 234 3920; x_wconf 85' lang='lat' dir='ltr'><strong>Voir</strong></span> <span class='ocrx_word' id='word_1_284' title='bbox 243 3872 348 3935; x_wconf 78' lang='lat' dir='ltr'><strong>Madvig,</strong></span> <span class='ocrx_word' id='word_1_285' title='bbox 360 3874 395 3919; x_wconf 87' lang='lat' dir='ltr'><strong>De</strong></span> <span class='ocrx_word' id='word_1_286' title='bbox 407 3874 462 3918; x_wconf 78' lang='lat' dir='ltr'><strong>Fue.</strong></span> <span class='ocrx_word' id='word_1_287' title='bbox 479 3873 499 3929; x_wconf 87' lang='lat'><strong>1,</strong></span> <span class='ocrx_word' id='word_1_288' title='bbox 511 3885 544 3925; x_wconf 80' lang='lat' dir='ltr'><strong>n,</strong></span> <span class='ocrx_word' id='word_1_289' title='bbox 558 3878 586 3917; x_wconf 74' lang='lat' dir='ltr'><strong>tt</strong></span> <span class='ocrx_word' id='word_1_290' title='bbox 590 3872 657 3933; x_wconf 80' lang='lat' dir='ltr'><strong>fin.-</strong></span> <span class='ocrx_word' id='word_1_291' title='bbox 676 3886 720 3934; x_wconf 81' lang='lat' dir='ltr'><strong>quo</strong></span> 
     </span>
     <span class='ocr_line' id='line_1_37' title="bbox 177 3940 721 4006; baseline -0.002 -18"><span class='ocrx_word' id='word_1_292' title='bbox 177 3944 238 3989; x_wconf 73' lang='lat' dir='ltr'><strong>ritbil</strong></span> <span class='ocrx_word' id='word_1_293' title='bbox 257 3942 347 4005; x_wconf 78' lang='lat' dir='ltr'><strong>turpius</strong></span> <span class='ocrx_word' id='word_1_294' title='bbox 365 3959 475 4006; x_wconf 65' lang='lat' dir='ltr'><strong>quam...</strong></span> <span class='ocrx_word' id='word_1_295' title='bbox 491 3941 520 3990; x_wconf 81' lang='lat' dir='ltr'><strong>cl.</strong></span> <span class='ocrx_word' id='word_1_296' title='bbox 538 3940 569 3988; x_wconf 85' lang='lat' dir='ltr'><strong>ici</strong></span> <span class='ocrx_word' id='word_1_297' title='bbox 588 3948 627 3997; x_wconf 78' lang='lat' dir='ltr'><strong>tl,</strong></span> <span class='ocrx_word' id='word_1_298' title='bbox 645 3943 676 3988; x_wconf 80' lang='lat' dir='ltr'><strong>ob</strong></span> <span class='ocrx_word' id='word_1_299' title='bbox 690 3955 721 3987; x_wconf 88' lang='lat' dir='ltr'><strong>uu</strong></span> 
     </span>
     <span class='ocr_line' id='line_1_38' title="bbox 181 4012 720 4078; baseline -0.002 -17"><span class='ocrx_word' id='word_1_300' title='bbox 181 4016 237 4078; x_wconf 65' lang='lat' dir='ltr'><strong>quud</strong></span> <span class='ocrx_word' id='word_1_301' title='bbox 249 4023 285 4061; x_wconf 88' lang='lat' dir='ltr'><strong>est</strong></span> <span class='ocrx_word' id='word_1_302' title='bbox 303 4013 393 4061; x_wconf 75' lang='lat' dir='ltr'><strong>ensuite</strong></span> <span class='ocrx_word' id='word_1_303' title='bbox 404 4012 536 4059; x_wconf 78' lang='lat' dir='ltr'><strong>commentis</strong></span> <span class='ocrx_word' id='word_1_304' title='bbox 548 4028 592 4073; x_wconf 83' lang='lat' dir='ltr'><strong>par</strong></span> <span class='ocrx_word' id='word_1_305' title='bbox 606 4028 650 4059; x_wconf 85' lang='lat' dir='ltr'><strong>une</strong></span> <span class='ocrx_word' id='word_1_306' title='bbox 662 4029 720 4074; x_wconf 79' lang='lat' dir='ltr'><strong>pro-</strong></span> 
     </span>
     <span class='ocr_line' id='line_1_39' title="bbox 177 4085 411 4149; baseline -0.009 -16"><span class='ocrx_word' id='word_1_307' title='bbox 177 4086 280 4149; x_wconf 82' lang='lat' dir='ltr'><strong>position</strong></span> <span class='ocrx_word' id='word_1_308' title='bbox 289 4085 411 4135; x_wconf 83' lang='lat' dir='ltr'><strong>infinitive.</strong></span> 
     </span>
    </p>

    <p class='ocr_par' dir='ltr' id='par_1_12' title="bbox 175 4153 721 4430">
     <span class='ocr_line' id='line_1_40' title="bbox 209 4153 721 4218; baseline -0.002 -15"><span class='ocrx_word' id='word_1_309' title='bbox 209 4161 294 4204; x_wconf 81' lang='lat' dir='ltr'><strong>Cum...</strong></span> <span class='ocrx_word' id='word_1_310' title='bbox 306 4165 468 4218; x_wconf 81' lang='lat' dir='ltr'><strong>exportaretur</strong></span> <span class='ocrx_word' id='word_1_311' title='bbox 477 4169 508 4201; x_wconf 73' lang='lat' dir='ltr'><strong>ee</strong></span> <span class='ocrx_word' id='word_1_312' title='bbox 517 4153 608 4217; x_wconf 81' lang='lat' dir='ltr'><strong>oppidu.</strong></span> <span class='ocrx_word' id='word_1_313' title='bbox 619 4158 655 4202; x_wconf 91' lang='lat' dir='ltr'><strong>On</strong></span> <span class='ocrx_word' id='word_1_314' title='bbox 668 4171 721 4202; x_wconf 76' lang='lat' dir='ltr'><strong>seu</strong></span> 
     </span>
     <span class='ocr_line' id='line_1_41' title="bbox 177 4225 720 4288; baseline -0.004 -14"><span class='ocrx_word' id='word_1_315' title='bbox 177 4244 207 4274; x_wconf 83' lang='lat' dir='ltr'><strong>su</strong></span> <span class='ocrx_word' id='word_1_316' title='bbox 221 4236 420 4274; x_wconf 85' lang='lat' dir='ltr'><strong>commcuccmcnt</strong></span> <span class='ocrx_word' id='word_1_317' title='bbox 432 4225 490 4288; x_wconf 68' lang='grc' dir='ltr'><strong>(1ιῇ</strong></span> <span class='ocrx_word' id='word_1_318' title='bbox 507 4226 529 4271; x_wconf 87' lang='grc' dir='ltr'><strong>Ιι</strong></span> <span class='ocrx_word' id='word_1_319' title='bbox 541 4225 619 4272; x_wconf 73' lang='lat' dir='ltr'><strong>meme</strong></span> <span class='ocrx_word' id='word_1_320' title='bbox 630 4241 720 4287; x_wconf 87' lang='lat' dir='ltr'><strong>propo·</strong></span> 
     </span>
     <span class='ocr_line' id='line_1_42' title="bbox 178 4295 721 4360; baseline -0.007 -14"><span class='ocrx_word' id='word_1_321' title='bbox 178 4299 249 4346; x_wconf 87' lang='lat' dir='ltr'><strong>sition</strong></span> <span class='ocrx_word' id='word_1_322' title='bbox 259 4314 314 4345; x_wconf 82' lang='lat' dir='ltr'><strong>esec</strong></span> <span class='ocrx_word' id='word_1_323' title='bbox 323 4295 451 4344; x_wconf 77' lang='lat' dir='ltr'><strong>l&#39;indicutit&#39;</strong></span> <span class='ocrx_word' id='word_1_324' title='bbox 457 4295 493 4360; x_wconf 90' lang='lat' dir='ltr'><strong>(ee</strong></span> <span class='ocrx_word' id='word_1_325' title='bbox 506 4297 576 4343; x_wconf 87' lang='lat' dir='ltr'><strong>mode</strong></span> <span class='ocrx_word' id='word_1_326' title='bbox 590 4295 656 4343; x_wconf 65' lang='lat' dir='ltr'><strong>itaut</strong></span> <span class='ocrx_word' id='word_1_327' title='bbox 669 4298 721 4342; x_wconf 75' lang='lat' dir='ltr'><strong>&#39;de-</strong></span> 
     </span>
     <span class='ocr_line' id='line_1_43' title="bbox 175 4365 566 4430; baseline 0.003 -19"><span class='ocrx_word' id='word_1_328' title='bbox 175 4367 339 4413; x_wconf 68' lang='lat' dir='ltr'><strong>scribendum&#39;</strong></span> <span class='ocrx_word' id='word_1_329' title='bbox 352 4367 449 4430; x_wconf 75' lang='lat' dir='ltr'><strong>aptior:</strong></span> <span class='ocrx_word' id='word_1_330' title='bbox 463 4365 566 4430; x_wconf 84' lang='lat' dir='ltr'><strong>Zumpt).</strong></span> 
     </span>
    </p>

    <p class='ocr_par' dir='ltr' id='par_1_13' title="bbox 208 4437 659 4494">
     <span class='ocr_line' id='line_1_44' title="bbox 208 4437 659 4494; baseline -0.004 -7"><span class='ocrx_word' id='word_1_331' title='bbox 208 4439 329 4494; x_wconf 78' lang='lat' dir='ltr'><strong>Floribus,</strong></span> <span class='ocrx_word' id='word_1_332' title='bbox 340 4454 387 4484; x_wconf 86' lang='lat' dir='ltr'><strong>non</strong></span> <span class='ocrx_word' id='word_1_333' title='bbox 398 4439 455 4484; x_wconf 76' lang='lat' dir='ltr'><strong>liees</strong></span> <span class='ocrx_word' id='word_1_334' title='bbox 471 4449 495 4484; x_wconf 86' lang='lat' dir='ltr'><strong>et</strong></span> <span class='ocrx_word' id='word_1_335' title='bbox 507 4437 659 4485; x_wconf 76' lang='lat' dir='ltr'><strong>entrelseecs.</strong></span> 
     </span>
    </p>

    <p class='ocr_par' dir='ltr' id='par_1_14' title="bbox 179 4506 722 4626">
     <span class='ocr_line' id='line_1_45' title="bbox 212 4506 722 4569; baseline -0.002 -14"><span class='ocrx_word' id='word_1_336' title='bbox 212 4515 250 4556; x_wconf 86' lang='grc'><strong>78.</strong></span> <span class='ocrx_word' id='word_1_337' title='bbox 269 4506 425 4567; x_wconf 76' lang='lat' dir='ltr'><strong>Religionem,</strong></span> <span class='ocrx_word' id='word_1_338' title='bbox 433 4521 486 4552; x_wconf 77' lang='lat' dir='ltr'><strong>sans</strong></span> <span class='ocrx_word' id='word_1_339' title='bbox 493 4506 569 4566; x_wconf 81' lang='lat' dir='ltr'><strong>parler</strong></span> <span class='ocrx_word' id='word_1_340' title='bbox 580 4506 621 4552; x_wconf 86' lang='lat' dir='ltr'><strong>des</strong></span> <span class='ocrx_word' id='word_1_341' title='bbox 632 4507 660 4569; x_wconf 61' lang='grc' dir='ltr'><strong>ἓξ</strong></span> <span class='ocrx_word' id='word_1_342' title='bbox 670 4509 722 4569; x_wconf 77' lang='lat' dir='ltr'><strong>pri·-</strong></span> 
     </span>
     <span class='ocr_line' id='line_1_46' title="bbox 179 4577 473 4626; baseline -0.007 0"><span class='ocrx_word' id='word_1_343' title='bbox 179 4579 283 4626; x_wconf 68' lang='lat' dir='ltr'><strong>ctdents.</strong></span> <span class='ocrx_word' id='word_1_344' title='bbox 293 4588 330 4625; x_wconf 88' lang='lat' dir='ltr'><strong>cst</strong></span> <span class='ocrx_word' id='word_1_345' title='bbox 340 4578 370 4624; x_wconf 89' lang='lat' dir='ltr'><strong>ici</strong></span> <span class='ocrx_word' id='word_1_346' title='bbox 391 4585 405 4625; x_wconf 78' lang='lat' dir='ltr'><strong>t</strong></span> <span class='ocrx_word' id='word_1_347' title='bbox 420 4577 473 4624; x_wconf 78' lang='lat' dir='ltr'><strong>fois.</strong></span> 
     </span>
    </p>
   </div>
   <div class='ocr_carea' id='block_1_9' title="bbox 773 3729 1316 4627">
    <p class='ocr_par' dir='ltr' id='par_1_15' title="bbox 773 3729 1316 4627">
     <span class='ocr_line' id='line_1_47' title="bbox 773 3729 1313 3794; baseline -0.002 -17"><span class='ocrx_word' id='word_1_348' title='bbox 773 3732 843 3794; x_wconf 84' lang='lat' dir='ltr'><strong>qu&#39;eu</strong></span> <span class='ocrx_word' id='word_1_349' title='bbox 851 3746 890 3776; x_wconf 86' lang='lat' dir='ltr'><strong>ess</strong></span> <span class='ocrx_word' id='word_1_350' title='bbox 899 3729 929 3776; x_wconf 88' lang='lat' dir='ltr'><strong>de</strong></span> <span class='ocrx_word' id='word_1_351' title='bbox 943 3730 1132 3787; x_wconf 78' lang='lat' dir='ltr'><strong>coudsmmtion,</strong></span> <span class='ocrx_word' id='word_1_352' title='bbox 1144 3731 1178 3777; x_wconf 87' lang='lat' dir='ltr'><strong>les</strong></span> <span class='ocrx_word' id='word_1_353' title='bbox 1188 3730 1241 3782; x_wconf 71' lang='lat' dir='ltr'><strong>lites</strong></span> <span class='ocrx_word' id='word_1_354' title='bbox 1250 3732 1313 3776; x_wconf 72' lang='lat' dir='ltr'><strong>esti·</strong></span> 
     </span>
     <span class='ocr_line' id='line_1_48' title="bbox 773 3800 1313 3862; baseline -0.002 -15"><span class='ocrx_word' id='word_1_355' title='bbox 773 3812 840 3847; x_wconf 71' lang='lat' dir='ltr'><strong>mate</strong></span> <span class='ocrx_word' id='word_1_356' title='bbox 850 3801 960 3848; x_wconf 70' lang='lat' dir='ltr'><strong>decaicus</strong></span> <span class='ocrx_word' id='word_1_357' title='bbox 974 3801 1025 3848; x_wconf 77' lang='lat' dir='ltr'><strong>etse</strong></span> <span class='ocrx_word' id='word_1_358' title='bbox 1037 3802 1112 3862; x_wconf 83' lang='lat' dir='ltr'><strong>prisce</strong></span> <span class='ocrx_word' id='word_1_359' title='bbox 1123 3817 1162 3848; x_wconf 85' lang='lat' dir='ltr'><strong>sur</strong></span> <span class='ocrx_word' id='word_1_360' title='bbox 1177 3817 1201 3847; x_wconf 91' lang='grc' dir='ltr'><strong>ιι</strong></span> <span class='ocrx_word' id='word_1_361' title='bbox 1211 3800 1313 3848; x_wconf 80' lang='lat' dir='ltr'><strong>fortune.</strong></span> 
     </span>
     <span class='ocr_line' id='line_1_49' title="bbox 804 3873 1314 3934; baseline -0.004 -14"><span class='ocrx_word' id='word_1_362' title='bbox 804 3875 882 3920; x_wconf 81' lang='lat' dir='ltr'><strong>Aut...</strong></span> <span class='ocrx_word' id='word_1_363' title='bbox 895 3882 935 3918; x_wconf 78' lang='lat' dir='ltr'><strong>uus</strong></span> <span class='ocrx_word' id='word_1_364' title='bbox 948 3889 1000 3918; x_wconf 80' lang='lat' dir='ltr'><strong>vcro</strong></span> <span class='ocrx_word' id='word_1_365' title='bbox 1015 3883 1188 3934; x_wconf 85' lang='lat' dir='ltr'><strong>componuntur</strong></span> <span class='ocrx_word' id='word_1_366' title='bbox 1199 3881 1224 3918; x_wconf 89' lang='lat' dir='ltr'><strong>ut</strong></span> <span class='ocrx_word' id='word_1_367' title='bbox 1240 3873 1314 3918; x_wconf 81' lang='lat' dir='ltr'><strong>ultore</strong></span> 
     </span>
     <span class='ocr_line' id='line_1_50' title="bbox 773 3943 1315 4004; baseline -0.002 -16"><span class='ocrx_word' id='word_1_368' title='bbox 773 3944 894 3990; x_wconf 79' lang='lat' dir='ltr'><strong>sentcntiu</strong></span> <span class='ocrx_word' id='word_1_369' title='bbox 908 3959 963 4004; x_wconf 81' lang='lat' dir='ltr'><strong>pers</strong></span> <span class='ocrx_word' id='word_1_370' title='bbox 976 3944 1090 4004; x_wconf 83' lang='lat' dir='ltr'><strong>mojorem</strong></span> <span class='ocrx_word' id='word_1_371' title='bbox 1111 3944 1157 3989; x_wconf 79' lang='lat' dir='ltr'><strong>rim</strong></span> <span class='ocrx_word' id='word_1_372' title='bbox 1172 3943 1273 4003; x_wconf 77' lang='lat' dir='ltr'><strong>accipiet</strong></span> <span class='ocrx_word' id='word_1_373' title='bbox 1291 3944 1315 3988; x_wconf 85' lang='lat' dir='ltr'><strong>in</strong></span> 
     </span>
     <span class='ocr_line' id='line_1_51' title="bbox 775 4012 1313 4077; baseline -0.002 -18"><span class='ocrx_word' id='word_1_374' title='bbox 775 4015 886 4060; x_wconf 74' lang='lat' dir='ltr'><strong>adscensu</strong></span> <span class='ocrx_word' id='word_1_375' title='bbox 900 4014 930 4059; x_wconf 85' lang='lat' dir='ltr'><strong>ud</strong></span> <span class='ocrx_word' id='word_1_376' title='bbox 942 4015 1030 4074; x_wconf 80' lang='lat' dir='ltr'><strong>majore</strong></span> <span class='ocrx_word' id='word_1_377' title='bbox 1047 4012 1133 4077; x_wconf 73' lang='lat' dir='ltr'><strong>(Haud,</strong></span> <span class='ocrx_word' id='word_1_378' title='bbox 1144 4012 1163 4069; x_wconf 85' lang='lat' dir='ltr'><strong>l,</strong></span> <span class='ocrx_word' id='word_1_379' title='bbox 1174 4029 1199 4074; x_wconf 89' lang='lat' dir='ltr'><strong>p.</strong></span> <span class='ocrx_word' id='word_1_380' title='bbox 1212 4020 1254 4059; x_wconf 81' lang='grc'><strong>557</strong></span> <span class='ocrx_word' id='word_1_381' title='bbox 1263 4029 1270 4069; x_wconf 76' lang='lat'>3</span> <span class='ocrx_word' id='word_1_382' title='bbox 1280 4013 1313 4074; x_wconf 75' lang='lat' dir='ltr'><strong>t).</strong></span> 
     </span>
     <span class='ocr_line' id='line_1_52' title="bbox 804 4085 1315 4147; baseline -0.006 -15"><span class='ocrx_word' id='word_1_383' title='bbox 804 4088 835 4132; x_wconf 81' lang='lat' dir='ltr'><strong>In</strong></span> <span class='ocrx_word' id='word_1_384' title='bbox 851 4100 920 4147; x_wconf 83' lang='lat' dir='ltr'><strong>poce,</strong></span> <span class='ocrx_word' id='word_1_385' title='bbox 938 4100 983 4145; x_wconf 82' lang='lat' dir='ltr'><strong>per</strong></span> <span class='ocrx_word' id='word_1_386' title='bbox 999 4085 1135 4146; x_wconf 87' lang='lat' dir='ltr'><strong>oppositiou</strong></span> <span class='ocrx_word' id='word_1_387' title='bbox 1159 4099 1203 4129; x_wconf 81' lang='lat' dir='ltr'><strong>eux</strong></span> <span class='ocrx_word' id='word_1_388' title='bbox 1221 4098 1315 4143; x_wconf 83' lang='lat' dir='ltr'><strong>guerres</strong></span> 
     </span>
     <span class='ocr_line' id='line_1_53' title="bbox 774 4152 1313 4216; baseline -0.004 -14"><span class='ocrx_word' id='word_1_389' title='bbox 774 4156 832 4202; x_wconf 90' lang='lat' dir='ltr'><strong>dont</strong></span> <span class='ocrx_word' id='word_1_390' title='bbox 843 4156 860 4201; x_wconf 86' lang='lat' dir='ltr'><strong>it</strong></span> <span class='ocrx_word' id='word_1_391' title='bbox 876 4170 903 4201; x_wconf 83' lang='lat' dir='ltr'><strong>ve</strong></span> <span class='ocrx_word' id='word_1_392' title='bbox 914 4155 966 4201; x_wconf 72' lang='lat' dir='ltr'><strong>etse</strong></span> <span class='ocrx_word' id='word_1_393' title='bbox 976 4154 1043 4216; x_wconf 69' lang='lat' dir='ltr'><strong>peric</strong></span> <span class='ocrx_word' id='word_1_394' title='bbox 1059 4165 1083 4201; x_wconf 90' lang='lat' dir='ltr'><strong>et</strong></span> <span class='ocrx_word' id='word_1_395' title='bbox 1097 4156 1128 4200; x_wconf 77' lang='lat' dir='ltr'><strong>oie</strong></span> <span class='ocrx_word' id='word_1_396' title='bbox 1142 4153 1188 4200; x_wconf 89' lang='lat' dir='ltr'><strong>elle</strong></span> <span class='ocrx_word' id='word_1_397' title='bbox 1202 4153 1263 4198; x_wconf 81' lang='lat' dir='ltr'><strong>uuit</strong></span> <span class='ocrx_word' id='word_1_398' title='bbox 1277 4152 1313 4200; x_wconf 72' lang='lat' dir='ltr'><strong>tu·</strong></span> 
     </span>
     <span class='ocr_line' id='line_1_54' title="bbox 775 4226 905 4288; baseline -0.008 -16"><span class='ocrx_word' id='word_1_399' title='bbox 775 4226 905 4288; x_wconf 73' lang='lat' dir='ltr'><strong>respectec.</strong></span> 
     </span>
     <span class='ocr_line' id='line_1_55' title="bbox 805 4296 1201 4344; baseline -0.013 0"><span class='ocrx_word' id='word_1_400' title='bbox 805 4300 893 4344; x_wconf 67' lang='lat' dir='ltr'><strong>fuerat</strong></span> <span class='ocrx_word' id='word_1_401' title='bbox 906 4317 914 4344; x_wconf 92' lang='lat'><em>:</em></span> <span class='ocrx_word' id='word_1_402' title='bbox 926 4296 976 4343; x_wconf 84' lang='lat' dir='ltr'><strong>voir</strong></span> <span class='ocrx_word' id='word_1_403' title='bbox 986 4304 1015 4342; x_wconf 77' lang='grc'><strong>35</strong></span> <span class='ocrx_word' id='word_1_404' title='bbox 1025 4296 1057 4340; x_wconf 80' lang='lat' dir='ltr'><strong>in.</strong></span> <span class='ocrx_word' id='word_1_405' title='bbox 1071 4315 1080 4343; x_wconf 83' lang='grc'><strong>.·</strong></span> <span class='ocrx_word' id='word_1_406' title='bbox 1089 4298 1201 4343; x_wconf 77' lang='lat' dir='ltr'><strong>Fuerunt.</strong></span> 
     </span>
     <span class='ocr_line' id='line_1_56' title="bbox 807 4364 1316 4415; baseline -0.004 -2"><span class='ocrx_word' id='word_1_407' title='bbox 807 4367 968 4415; x_wconf 80' lang='lat' dir='ltr'><strong>Nousolum...</strong></span> <span class='ocrx_word' id='word_1_408' title='bbox 981 4365 1161 4411; x_wconf 71' lang='lat' dir='ltr'><strong>verumetiam:</strong></span> <span class='ocrx_word' id='word_1_409' title='bbox 1177 4364 1195 4410; x_wconf 89' lang='lat' dir='ltr'><strong>il</strong></span> <span class='ocrx_word' id='word_1_410' title='bbox 1209 4374 1244 4410; x_wconf 87' lang='lat' dir='ltr'><strong>est</strong></span> <span class='ocrx_word' id='word_1_411' title='bbox 1258 4364 1316 4411; x_wconf 77' lang='lat' dir='ltr'><strong>cleis</strong></span> 
     </span>
     <span class='ocr_line' id='line_1_57' title="bbox 776 4435 1315 4502; baseline -0.002 -18"><span class='ocrx_word' id='word_1_412' title='bbox 776 4454 822 4501; x_wconf 82' lang='lat' dir='ltr'><strong>que</strong></span> <span class='ocrx_word' id='word_1_413' title='bbox 834 4440 855 4484; x_wconf 79' lang='lat' dir='ltr'><strong>la</strong></span> <span class='ocrx_word' id='word_1_414' title='bbox 872 4438 996 4502; x_wconf 73' lang='lat' dir='ltr'><strong>gradatiou</strong></span> <span class='ocrx_word' id='word_1_415' title='bbox 1011 4436 1117 4496; x_wconf 85' lang='lat' dir='ltr'><strong>exprime</strong></span> <span class='ocrx_word' id='word_1_416' title='bbox 1130 4435 1205 4481; x_wconf 90' lang='lat' dir='ltr'><strong>moins</strong></span> <span class='ocrx_word' id='word_1_417' title='bbox 1217 4436 1241 4482; x_wconf 91' lang='lat' dir='ltr'><strong>le</strong></span> <span class='ocrx_word' id='word_1_418' title='bbox 1260 4452 1315 4483; x_wconf 86' lang='lat' dir='ltr'><strong>seu-</strong></span> 
     </span>
     <span class='ocr_line' id='line_1_58' title="bbox 775 4505 1314 4568; baseline -0.002 -13"><span class='ocrx_word' id='word_1_419' title='bbox 775 4509 860 4555; x_wconf 87' lang='lat' dir='ltr'><strong>timeut</strong></span> <span class='ocrx_word' id='word_1_420' title='bbox 878 4510 920 4555; x_wconf 86' lang='lat' dir='ltr'><strong>des</strong></span> <span class='ocrx_word' id='word_1_421' title='bbox 934 4507 1039 4554; x_wconf 79' lang='lat' dir='ltr'><strong>sicilicus</strong></span> <span class='ocrx_word' id='word_1_422' title='bbox 1056 4522 1103 4568; x_wconf 89' lang='lat' dir='ltr'><strong>que</strong></span> <span class='ocrx_word' id='word_1_423' title='bbox 1123 4505 1184 4552; x_wconf 87' lang='lat' dir='ltr'><strong>celui</strong></span> <span class='ocrx_word' id='word_1_424' title='bbox 1202 4506 1232 4554; x_wconf 89' lang='lat' dir='ltr'><strong>de</strong></span> <span class='ocrx_word' id='word_1_425' title='bbox 1246 4507 1314 4554; x_wconf 86' lang='lat' dir='ltr'><strong>l’ors·</strong></span> 
     </span>
     <span class='ocr_line' id='line_1_59' title="bbox 775 4577 1072 4627; baseline -0.01 0"><span class='ocrx_word' id='word_1_426' title='bbox 775 4587 829 4626; x_wconf 81' lang='lat' dir='ltr'><strong>teus</strong></span> <span class='ocrx_word' id='word_1_427' title='bbox 849 4588 874 4627; x_wconf 86' lang='lat' dir='ltr'><strong>et</strong></span> <span class='ocrx_word' id='word_1_428' title='bbox 893 4579 936 4625; x_wconf 83' lang='lat' dir='ltr'><strong>des</strong></span> <span class='ocrx_word' id='word_1_429' title='bbox 952 4577 1072 4624; x_wconf 75' lang='lat' dir='ltr'><strong>Romeins.</strong></span> 
     </span>
    </p>
   </div>
   <div class='ocr_carea' id='block_1_10' title="bbox 0 0 1590 5378">
    <p class='ocr_par' dir='ltr' id='par_1_16' title="bbox 0 0 1590 5378">
     <span class='ocr_line' id='line_1_60' title="bbox 0 0 1590 5378; baseline 0 0"><span class='ocrx_word' id='word_1_430' title='bbox 0 0 1590 5378; x_wconf 95' lang='lat' dir='ltr'><strong> </strong></span> 
     </span>
    </p>
   </div>
  </div>
 </body>
</html>
