3150 5378
535 462 589 516 nn
621 461 778 527 sionis,
807 456 843 539 a}
868 461 1004 519 oe-ros.
1281 461 1337 516 roa

203 586 279 662 ruin
306 590 427 688 putas?
450 594 545 661 Eone
572 605 609 658 tu
632 613 749 658 servos
772 588 814 656 ad
839 586 1053 682 spoliandum
1078 577 1194 657 fanum
1222 588 1339 658 inmit-

201 723 275 777 tere
299 732 399 776 ausus
432 731 479 787 es,
503 730 572 799 quo
598 704 724 772 liberos
750 702 844 772 adire
871 728 914 772 ne
938 702 1058 771 orandi
1079 703 1218 797 quidem
1240 727 1339 772 causa

203 821 252 891 sas
271 819 366 890 erat?
385 821 491 889 Hisne
511 819 614 888 rebus
632 843 752 886 manus
771 816 907 887 adferre
934 843 1004 886 non
1024 817 1197 903 dubitasti,
1221 844 1239 887 a
1262 817 1341 912 qui·

202 934 265 1004 bus
290 935 391 1005 etiam
418 935 536 1003 oculos
565 931 728 1002 cohibere
753 946 786 1000 te
810 930 1016 1025 religionum
1042 933 1120 1024 jura
1149 929 1342 1028 cogebant?

203 1051 352 1121 Tametsi
370 1074 414 1120 ne
429 1049 536 1118 oculis
552 1047 691 1142 quidem
711 1060 829 1140 captus
849 1045 884 1114 in
903 1045 992 1115 hanc
1007 1047 1163 1117 fraudem
1181 1062 1248 1116 tam
1266 1073 1342 1118 sce-

204 1167 343 1236 leratam
363 1190 403 1234 ac
419 1179 488 1233 tam
502 1163 667 1232 nefariam
685 1161 854 1231 decidisti.
874 1163 961 1231 Nam
982 1161 1017 1230 id
1042 1164 1233 1258 concupisti
1250 1163 1343 1257 quod

203 1304 379 1374 nunquam
400 1278 557 1363 videras3
589 1277 636 1361 id,
664 1277 815 1370 inquam,
839 1274 1000 1344 adamasti
1032 1277 1124 1370 quod
1149 1293 1248 1349 antea
1273 1303 1344 1346 non

204 1418 409 1489 aspexeras3
442 1392 581 1461 auribus
613 1406 650 1461 tu
679 1405 805 1460 tantam
839 1391 1061 1485 cupiditatem
1092 1392 1279 1486 concepisti
1305 1404 1344 1458 ut

204 1534 278 1579 eam
293 1534 364 1577 non
382 1524 504 1593 metus,
527 1534 598 1577 non
613 1507 747 1602 religio,
770 1531 840 1574 non
873 1505 1017 1576 deorum
1037 1506 1099 1592 vis,
1122 1531 1192 1575 nou
1230 1506 1344 1575 homi·

203 1649 285 1694 num
319 1624 520 1693 existimatio
549 1623 753 1692 contineret.
783 1627 866 1710 [102]
885 1624 928 1690 Ar
943 1646 984 1690 ex
1003 1623 1095 1690 bono
1111 1621 1198 1707 viro,
1223 1621 1340 1707 credo,

204 1739 371 1823 audieras,
391 1754 425 1808 et
451 1740 543 1808 bono
566 1752 719 1807 auctore.
751 1737 820 1826 Qui
844 1736 879 1805 id
906 1751 1015 1831 potes,
1042 1737 1100 1831 qui
1127 1762 1170 1807 ne
1198 1761 1239 1806 cx
1269 1737 1344 1805 viro

204 1854 344 1950 quidem
358 1854 478 1923 audire
496 1850 815 1949 potuerisidudisti
836 1852 941 1946 igitur
957 1877 998 1921 ex
1012 1852 1169 1937 muliere,
1183 1852 1343 1947 quoniam

204 1969 239 2037 id
273 1969 338 2037 viri
366 1994 430 2038 nec
455 1967 578 2038 vidisse
611 1991 724 2061 neque
753 1988 853 2036 nosse
877 1980 1046 2061 poterant.
1071 1967 1215 2056 Qualem
1239 1993 1344 2063 porro

205 2083 296 2152 illam
322 2083 484 2153 seminam
500 2082 603 2152 luisse
617 2082 755 2178 putatis,
773 2080 931 2175 judices?
951 2107 1052 2176 quam
1072 2082 1245 2177 pudicam,
1269 2108 1344 2178 quae

205 2224 283 2268 cum
303 2202 414 2268 Verre
435 2196 658 2293 loqueretur?
677 2222 779 2292 quam
795 2197 1001 2292 religiosam,
1021 2222 1096 2291 quae
1113 2197 1250 2266 sacrarii
1269 2223 1344 2292 spo·

205 2314 308 2382 liandi
329 2314 495 2383 rationem
518 2311 737 2383 ostenderet?
755 2316 807 2382 An
846 2312 985 2382 minime
1031 2311 1168 2398 mirum,
1200 2338 1276 2407 quae
1295 2336 1344 2380 sa·

206 2454 263 2498 cra
282 2454 345 2524 per
364 2454 529 2499 summam
556 2427 789 2498 castimoniam
808 2426 962 2495 virorum
980 2450 1019 2494 ac
1042 2426 1224 2495 mulierum
1248 2425 1341 2512 fiant,

205 2543 325 2613 eadem
344 2569 407 2639 per
426 2544 521 2613 istius
538 2558 694 2637 stuprum
713 2566 752 2610 ac
769 2540 936 2635 flagitium
956 2564 1028 2610 esse
1047 2539 1196 2609 violata?

197 2722 201 2729 .
255 2661 381 2728 XLVI.
409 2659 502 2748 Quid
520 2656 628 2753 ergo?
647 2656 714 2726 hoc
734 2657 842 2726 solum
858 2655 1033 2724 auditione
1052 2670 1212 2750 expetere
1228 2656 1342 2752 coepit,

206 2799 283 2842 curn
308 2773 343 2841 id
367 2774 439 2868 ipse
471 2799 542 2842 non
573 2769 734 2842 vidisset?
750 2774 861 2839 Immo
880 2796 963 2841 vero
991 2771 1055 2839 alia
1084 2772 1276 2867 conpluria,
1305 2797 1344 2841 ex

206 2888 329 2983 quihus
343 2885 494 2985 <unam>
515 2888 637 2983 eligam
656 2886 893 2982 spoliationem
913 2885 1113 2955 nobilissimi
1134 2901 1236 2981 atque
1256 2886 1346 2955 anti-

237 3103 396 3150 Vssusaras:
413 3103 434 3150 lt
452 3104 513 3162 Lag.
536 3107 565 3146 20
583 3099 654 3148 Clark
680 3103 788 3150 ornandi.
808 3128 840 3138 -
856 3109 908 3148 102.
933 3103 1004 3158 rate,
1020 3101 1119 3163 Jacoby,
1137 3101 1189 3151 edd.
1210 3100 1342 3165 [quonism-

207 3172 333 3237 potcmntl.
347 3189 404 3233 -p
414 3175 472 3233 Lag.
488 3177 517 3216 20
534 3172 634 3232 putastis
646 3170 723 3222 fnisse.
735 3198 765 3209 -
779 3175 799 3221 R
813 3177 860 3227 An3
873 3191 891 3234 p
902 3177 964 3233 Lug.
976 3180 1004 3218 20
1016 3173 1068 3218 cdd.
1082 3176 1130 3231 Ac;
1144 3191 1160 3235 φ
1172 3175 1209 3218 lit.
1219 3190 1271 3233 -p
1280 3177 1341 3233 Lug.

208 3253 237 3292 20
249 3247 345 3292 minime
357 3255 393 3290 eat
406 3244 502 3300 mirum,
515 3242 536 3289 Il
551 3242 646 3290 minime
657 3244 741 3289 mirum
755 3243 873 3306 (Solamala
884 3245 970 3304 defend
980 3255 1039 3288 cette
1050 3244 1184 3305 expression
1193 3243 1344 3303 par-ticuliire

206 3334 254 3363 aas
262 3316 371 3379 premiere
380 3313 505 3376 discours),
516 3315 588 3367 Halm
603 3313 718 3378 [minime]
734 3316 825 3360 mirum.
840 3341 872 3351 -
883 3318 983 3361 Holmon
998 3316 1111 3376 virginum
1124 3332 1151 3361 ae
1164 3315 1297 3360 mulierum.
1313 3341 1344 3350 —

208 3390 290 3435 xcvi.
304 3389 380 3443 Klotz,
394 3388 476 3441 Halae,
491 3386 543 3430 cdd.
555 3385 647 3446 &apris
661 3385 776 3442 Priscicrs,
790 3388 809 3440 l,
824 3404 847 3447 p.
863 3393 905 3432 302
919 3404 924 3432 :
938 3387 1080 3446 eompluria3
1098 3387 1117 3434 fl
1133 3388 1261 3448 conplura3
1277 3387 1342 3448 pal.

208 3460 287 3506 cedd:
304 3460 435 3520 complura,
448 3473 508 3518 -p
523 3459 584 3516 Lug.
601 3463 629 3501 20
644 3457 694 3506 cod.
711 3459 773 3513 Ura,
789 3473 870 3514 una1n3
888 3458 909 3504 ll
922 3458 957 3504 al.
974 3474 1018 3502 orn.

234 3606 376 3653 Imminere:
391 3620 483 3650 comme
495 3621 527 3650 on
540 3605 606 3651 lacha
617 3606 659 3651 des
668 3604 746 3650 chiens

204 3672 243 3734 (cf.
257 3673 286 3719 ici
295 3679 325 3721 47
338 3684 362 3720 et
374 3676 419 3731 lll,
432 3674 471 3739 01)
483 3692 522 3722 sur
535 3692 580 3722 unc
592 3676 667 3737 proie.

235 3744 333 3798 orandi,
347 3747 396 3791 scal
414 3761 512 3807 passage
523 3748 553 3792 dc
565 3746 665 3794 Cicereia
680 3746 710 3792 oia
719 3761 746 3791 ee

204 3815 275 3859 verbe
294 3815 341 3860 soit
360 3816 410 3877 pris
428 3817 584 3874 absolumcut,
605 3832 696 3863 comme
716 3832 747 3862 on

205 3883 350 3945 l’emploicra
357 3887 409 3947 plus
417 3887 479 3942 tard,
487 3903 541 3934 arce
552 3888 575 3934 le
582 3903 634 3934 sens
641 3889 671 3933 de
680 3887 747 3932 deum

204 3953 305 4017 precari.

236 4027 368 4086 cogebant.-
380 4043 426 4072 non
434 4029 631 4088 pasomicntdsi
637 4040 661 4076 tc
671 4029 748 4077 loreas·

205 4096 318 4148 a...,maia
333 4096 490 4160 t'imposar'crat
503 4100 650 4163 l'obligation
661 4102 747 4153 de....l

204 4181 272 4211 ezruse
286 4167 327 4213 des
338 4169 506 4229 prescriptions
523 4169 642 4216 formellas
658 4181 682 4217 et
696 4181 747 4217 tou·

202 4236 266 4295 joura
280 4239 403 4286 observees
416 4241 447 4285 du
460 4241 523 4287 culte
535 4241 565 4286 de
577 4241 657 4289 Giris.

234 4309 284 4354 Non
296 4306 397 4357 rictus...
408 4331 416 4356 .·
428 4327 530 4374 groupez
541 4327 585 4373 par
598 4318 611 4357 2
622 4315 652 4372 4-
660 4319 683 4358 2.

236 4385 288 4425 102.
310 4383 373 4427 Bono
391 4382 462 4428 viro.-
479 4383 512 4428 lcs
533 4393 596 4427 mota
615 4393 668 4429 sont
688 4383 745 4430 ainsi

204 4451 329 4497 construite
347 4453 531 4498 contrairemcnt
546 4454 560 4498 a
576 4453 674 4515 l'usage,
687 4469 747 4514 pour

205 4518 262 4566 faire
273 4523 381 4568 resaortir
390 4524 411 4568 la
427 4523 490 4569 loree
504 4524 535 4568 du
545 4523 679 4570 numanus.

235 4591 311 4652 Qui...
320 4593 443 4655 perans.-
454 4592 559 4657 Madvig,
572 4599 627 4641 000.

293 4699 430 4734 vunnim.

830 3605 905 3650 Porro
915 3604 972 3664 J'ouc
984 3604 1014 3650 ici
1025 3604 1048 3651 le
1062 3605 1187 3653 rdled'une
1195 3608 1343 3666 conjunctior

800 3675 944 3721 adversative
961 3691 966 3720 :
984 3675 1071 3738 Reisig,
1091 3677 1172 3739 5250.
1191 3677 1228 3724 Cl.
1242 3679 1272 3724 ici
1288 3687 1341 3727 130.

831 3747 898 3791 An...
911 3745 1011 3792 mirum:
1025 3748 1048 3792 le
1061 3747 1177 3794 caractere
1191 3759 1215 3794 et
1227 3749 1261 3795 les
1272 3750 1341 3796 habi-

801 3816 868 3862 tudea
878 3817 908 3862 dc
919 3816 1005 3863 Verres
1017 3818 1082 3864 etant
1100 3835 1208 3872 connucs,
1225 3833 1342 3867 comment

799 3885 945 3933 s'dtonncr...

830 3958 940 4005 Virorum
953 3979 961 4005 .·
979 3962 1066 4022 quoda
1079 3961 1245 4007 consuetudine
1260 3962 1342 4009 mulie·

800 4044 850 4073 rum
861 4029 990 4085 abstinent,
1003 4032 1086 4092 quibus
1096 4047 1160 4077 saera
1172 4030 1277 4076 facienda
1290 4043 1342 4078 sunt

801 4096 912 4163 [Zumptl.

831 4171 912 4216 xtvt.
931 4171 1063 4232 Compluris.
1076 4175 1144 4220 Gette
1156 4173 1230 4219 forme
1243 4183 1279 4218 cst
1288 4172 1341 4232 dtjt

801 4243 890 4298 11,sr;
904 4241 1000 4288 (lici-ron
1015 4242 1093 4289 l’srsit
1109 4243 1232 4304 employie
1244 4243 1300 4288 dans
1317 4258 1341 4289 sa

800 4313 932 4358 traduction
943 4313 974 4357 du
987 4315 1139 4374 Protagoras,
1153 4313 1300 4368 nutu-cette,
1311 4316 1340 4369 V,

801 4390 839 4438 21,
851 4384 874 4428 la
893 4383 1057 4429 recommends
1073 4400 1164 4429 comme
1181 4382 1281 4443 arloptee
1299 4399 1342 4444 par

800 4452 906 4515 Nigidius
920 4463 944 4499 et
958 4455 1057 4509 Varron;
1075 4454 1178 4500 'l'erencc
1195 4454 1313 4514 l'emploic
1327 4456 1340 4498 l

801 4524 822 4569 la
834 4524 866 4569 lin
878 4526 909 4570 du
921 4539 972 4571 vera
987 4524 1163 4586 (Engclbrecht,
1177 4524 1260 4571 Studia
1278 4528 1340 4578 Ter..

801 4610 827 4655 r·
841 4593 888 4656 ³⁴l

1188 4692 1221 4746 1³
