3150 5378
442 467 730 523 vuunttteuuu
757 467 824 522 011.
852 467 875 532 1,
901 466 933 544 ἐξ
960 465 1066 527 to-ts.
1282 463 1319 517 97

241 601 318 666 XV.
347 600 428 666 Esto
445 622 452 664 :
477 597 548 689 ipse
569 595 654 664 nibil
673 610 734 679 est,
755 595 840 664 nibil
860 608 991 689 potest:
1014 608 1047 662 st
1071 595 1164 664 venit
1181 607 1317 688 paratus

106 773 109 778 .
192 737 269 781 cum
279 711 564 804 subscriptoribus
574 710 764 779 exercitatis
775 723 809 779 et
819 709 964 778 disertis.
982 711 1041 776 Est
1057 708 1317 777 tamenhocali-

191 826 285 920 quid,
309 823 440 894 tametsi
457 838 591 894 nonest
607 824 702 910 satis;
721 823 877 892 omnibus
892 822 981 891 enini
993 824 1094 891 rebus
1104 823 1143 905 is,
1157 822 1215 915 qui
1227 822 1317 915 prin-

192 963 270 1033 ceps
286 940 321 1008 in
337 939 471 1034 agendo
488 953 550 1024 est,
568 936 799 1006 ornatissimus
817 953 850 1006 et
866 937 1095 1030 paratissimus
1113 961 1184 1005 esse
1202 935 1314 1004 debet.

239 1056 484 1123 Verumtamen
507 1054 548 1120 L.
573 1051 779 1145 Appuleium
799 1075 870 1120 esse
893 1050 993 1119 video
1015 1051 1208 1144 proximum
1235 1050 1317 1117 sub-

192 1167 405 1261 scriptorem,
416 1166 589 1234 hominem
604 1190 674 1233 non
689 1178 798 1249 aetute,
817 1164 876 1234 sed
892 1189 955 1232 usu
970 1163 1317 1257 f01·ensiatqueexe1··

192 1280 352 1349 citatione
376 1280 535 1348 tironem.
555 1284 617 1367 [88]
638 1277 785 1364 Deinde,
806 1293 843 1346 ut
866 1278 1000 1371 opinor,
1025 1278 1126 1347 habet
1146 1277 1314 1361 Alienum,

192 1394 283 1462 bunc
299 1394 468 1462 tamenab
485 1391 663 1475 subselliis,
693 1392 751 1485 qui
772 1391 854 1485 quid
871 1390 1068 1460 indicendo
1086 1405 1209 1484 posset,
1230 1415 1319 1459 nun-

192 1533 293 1601 quam
322 1507 400 1575 satis
426 1505 573 1591 attendi3
598 1504 633 1573 in
662 1505 838 1573 clamando
862 1505 1001 1598 quidem
1025 1503 1125 1573 video
1147 1529 1224 1573 eum
1247 1529 1318 1573 esse

192 1623 279 1690 bene
303 1621 479 1688 robustum
507 1633 608 1712 atque
637 1619 869 1688 exercitatum.
899 1620 940 1686 In
964 1618 1031 1686 boc
1055 1643 1130 1711 spes
1156 1632 1221 1686 tuae
1241 1633 1319 1687 sunt

193 1759 328 1818 omnes,
360 1732 428 1817 bic,
461 1732 487 1800 si
514 1732 641 1801 tueris
665 1746 760 1800 actor
786 1731 998 1815 constitutus,
1023 1744 1130 1799 totum
1152 1730 1319 1823 judicium

194 1844 386 1916 sustinebit.
415 1849 457 1914 At
480 1870 523 1913 ne
543 1843 570 1914 is
593 1844 732 1939 quidem
756 1858 885 1913 tantum
907 1843 1091 1914 contendet
1116 1844 1150 1912 in
1174 1844 1319 1913 dicendo

222 2011 376 2055 Vennenses:
394 2010 443 2053 XV.
458 2010 550 2054 Ilerdes
560 2006 626 2072 [nibil
637 2005 731 2070 potestl.
744 2033 774 2043 -
788 2009 842 2054 Ase.
854 2007 878 2052 in
889 2006 1000 2051 omnibus
1010 2004 1156 2052 eniens-ebus.
1169 2031 1200 2042 -
1212 2014 1250 2053 48.
1263 2010 1327 2053 Μ’·

192 2080 311 2126 Eberhard
321 2081 392 2125 bobet
404 2080 433 2125 T.
447 2080 605 2125 81188888-
615 2082 677 2140 Lug.
696 2085 725 2123 28
743 2088 765 2124 88
781 2077 862 2123 lemme
873 2079 904 2123 du
920 2080 959 2126 Ps.
975 2077 1031 2122 Asc.
1045 2078 1074 2123 sb
1086 2078 1211 2134 subselliis;
1226 2079 1298 2129 Prel.
1314 2097 1326 2124 8

192 2151 316 2198 subselliis.
325 2176 357 2186 —
366 2169 382 2214 φ
395 2151 478 2211 possit.
491 2178 523 2187 -
531 2169 550 2200 st
561 2150 631 2213 (Lag.
646 2157 675 2195 28
687 2148 778 2210 d'upre's
789 2148 881 2212 Zumpt)
891 2150 1030 2195 continebit.
1038 2175 1069 2184 -
1079 2147 1108 2194 G¹
1118 2151 1210 2211 Zumpt,
1223 2152 1325 2206 Richter,

191 2222 289 2276 sttuiter,
300 2225 391 2283 Kayser
406 2225 451 2278 tn
461 2226 499 2287 Po
510 2224 562 2268 edd.
577 2225 609 2269 88
623 2223 659 2283 (ors
672 2220 783 2283 euplique
791 2237 846 2266 aueo
857 2237 887 2265 un
901 2237 954 2266 sens
966 2219 1083 2281 ironique:
1094 2233 1119 2267 88
1128 2232 1152 2265 88
1168 2237 1235 2266 88888
1248 2239 1327 2268 erseore

191 2305 229 2339 eet
243 2306 354 2355 uvantuge
365 2295 466 2356 que...);
478 2309 573 2356 opposes
580 2293 607 2338 18
616 2294 685 2352 faute
695 2293 722 2337 de
734 2309 764 2356 φτ
779 2299 804 2337 84
821 2291 853 2339 irs.
867 2293 1025 2352 -Pluygers
1037 2294 1162 2338 contendet
1173 2292 1206 2356 [in
1217 2294 1325 2358 8188888]

192 2365 260 2429 (mais
274 2366 299 2410 ia
311 2365 431 2428 ripe'titiou
443 2375 477 2411 est
483 2365 596 2427 peut-iere
611 2363 691 2409 voulue
706 2373 729 2409 et
752 2364 863 2425 prolonge
873 2363 1016 2426 l'oppositiou
1030 2365 1130 2425 ir'ouique
1141 2366 1200 2410 dein
1209 2366 1326 2412 dicendo..

190 2439 213 2484 in
226 2436 369 2500 elemondo).

229 2571 281 2619 xit,
294 2570 351 2613 Esto
367 2583 372 2612 :
388 2569 464 2613 888888
484 2566 584 2612 18888818
599 2566 630 2612 88
648 2566 734 2611 transi·

200 2640 248 2683 tion
263 2655 269 2682 :
285 2640 358 2692 Vnt
373 2640 407 2683 io.

229 2707 425 2769 subscriptoribus
437 2726 444 2754 =
457 2710 538 2768 quend
549 2708 663 2768 plusieurs
677 2723 735 2768 per-

200 2795 283 2824 sonues
302 2794 326 2823 se
342 2778 497 2825 888818881888
516 2778 555 2840 (81.
578 2793 631 2835 xtv,
644 2784 672 2823 44
689 2795 695 2823 :
712 2779 735 2822 in

199 2849 268 2893 isdem
281 2847 367 2907 888818)
381 2864 442 2908 pons
463 2849 568 2895 intentet·
582 2865 626 2894 888
641 2864 735 2894 888888-

200 2919 259 2972 8188,
271 2921 283 2962 i
294 2920 445 2964 l'eeeuenteut·
459 2919 573 2978 prineipnl
593 2917 734 2981 (accusem

200 2986 227 3032 ici
249 2993 278 3033 47
289 2988 331 3049 jin
347 3004 353 3033 s
369 2987 410 3046 qui
422 2989 531 3050 princepe
544 2988 569 3033 in
580 2989 670 3049 egendo
683 2999 733 3042 est;

199 3073 230 3101 uu
245 3057 398 3117 sisnplensent
411 3074 416 3101 :
431 3057 450 3102 is
463 3060 503 3119 qui
514 3073 595 3103 nomen
608 3057 734 3118 deserebat)

201 3123 288 3170 8881888
300 3125 372 3184 Joints
384 3142 474 3171 comme
487 3128 620 3174 suxilioires
633 3129 736 3171 d’entsee

200 3203 304 3239 osoteurs
318 3195 358 3254 qui
373 3211 401 3240 ne
418 3197 527 3242 sentient
545 3198 615 3257 qu'en
636 3196 736 3241 seconde

200 3265 272 3325 ligne.
286 3266 322 3310 On
332 3265 365 3309 les
377 3266 478 3324 nppeleit
488 3265 654 3327 subscriptores
665 3281 735 3325 poree

201 3335 272 3394 qn'ils
284 3335 374 3379 nseient
386 3335 453 3396 signe
470 3337 483 3380 ’8
499 3335 550 3380 8888
563 3344 587 3378 88
599 3335 736 3379 eru-dessoue

200 3404 230 3448 88
244 3404 395 3449 l'ueeusoteur
426 3404 524 3464 rineipul
535 3404 603 3449 l’sete
618 3404 738 3449 sl'eeeuso·

201 3474 249 3518 tion
260 3491 266 3519 t
277 3475 380 3536 Medrig,
416 3485 449 3520 tat
463 3475 569 3530 Romaim,
581 3476 625 3529 111,
640 3490 664 3535 p.
681 3481 735 3519 348.

233 3547 347 3590 Temen...
372 3544 463 3590 tametsi
482 3561 488 3589 s
510 3545 597 3590 l’osdse
615 3542 736 3590 ordinaire

200 3624 235 3657 est
247 3612 377 3668 bentensi,
394 3615 484 3660 maiole
504 3625 603 3675 ssppost
620 3616 661 3660 888
675 3615 736 3659 deux

202 3684 328 3742 1888188188
347 3695 409 3729 88848
434 3684 483 3730 8888
502 3685 567 3730 eleis.
585 3685 658 3746 Apris
680 3686 737 3730 elles

201 3754 265 3799 vient
279 3757 291 3798 8
304 3754 324 3798 18
345 3754 429 3814 pbrese
445 3756 549 3802 88188888
567 3758 737 3809 Verumtamen,

202 3824 242 3884 qui
254 3823 389 3885 n'iquireut
400 3840 442 3884 pes
454 3828 466 3870 'e
478 3830 532 3887 quoi
539 3825 598 3888 qu’il
612 3842 639 3871 en
652 3826 737 3880 soit...,

202 3894 258 3938 ineis
274 3908 407 3939 8888888888
428 3897 448 3939 18
468 3895 528 3941 sirie
547 3896 577 3940 88
594 3896 737 3942 restrictione

202 3973 225 4008 et
239 3963 425 4008 d'obsemtions
441 3981 487 4024 que
500 3965 610 4024 prisente
624 3967 738 4012 l'oruteus

202 4049 230 4076 eu
250 4033 311 4090 sujet
327 4033 368 4077 des
382 4034 552 4096 subscriptores.

235 4100 366 4149 Proximum
383 4120 389 4147 s
410 4104 431 4148 18
453 4105 568 4164 premier,
586 4105 618 4153 81.
631 4109 661 4162 V,
675 4111 736 4151 tes:

199 4175 318 4238 proximus
327 4177 407 4224 118888.

232 4249 280 4292 Noe
294 4256 388 4295 estote...
404 4266 410 4294 ε
425 4249 513 4303 888818,
527 4251 711 4297 eontseirement
725 4253 738 4295 ’8

202 4318 288 4378 l’usage
303 4316 362 4379 (vois
375 4319 409 4366 les
422 4333 488 4368 notes
501 4336 540 4366 888
553 4328 577 4376 8,
588 4323 739 4367 Accusatores

202 4398 226 4434 88
238 4393 276 4444 24,
292 4388 390 4452 Pueris),
405 4407 436 4436 88
449 4393 542 4436 homme
553 4389 596 4452 egis
610 4391 651 4451 qui
668 4390 738 4436 debu·

202 4459 246 4501 tuit
259 4473 289 4502 88
306 4458 388 4505 lorum.

285 4575 418 4618 titutum.

821 2565 934 2620 Tironem,
946 2568 1016 2627 speie
1034 2568 1153 2628 bominem,
1164 2569 1220 2629 jone
1239 2568 1261 2614 le
1276 2569 1324 2613 8818

788 2637 843 2682 8“88
854 2638 958 2696 adjectis.

820 2713 858 2752 48.
874 2709 903 2753 Ut
914 2707 992 2767 opinor
1000 2708 1033 2753 :si
1046 2709 1107 2767 jone
1120 2724 1157 2754 me
1167 2719 1270 2768 trompe.
1283 2709 1324 2754 Ci-

789 2777 860 2823 88888
879 2782 963 2824 effecte
984 2780 1013 2824 de
1033 2779 1108 2825 n'e'tse
1127 2781 1245 2825 11-888888
1275 2795 1321 2840 que

790 2848 837 2894 8888
855 2847 1055 2908 impnsleitement
1068 2850 1206 2912 renseigne'3
1227 2864 1253 2894 88
1269 2860 1321 2895 8888

788 2919 868 2965 8188888
886 2919 953 2979 opr'es
973 2920 1082 2965 88881888
1101 2920 1274 2968 indiffe'rentee.
1286 2920 1322 2966 Cf.

788 3004 832 3045 xv,
843 2989 894 3050 stu,
906 2997 935 3034 bo
949 3007 954 3034 :
971 2990 1036 3051 quusi
1044 2991 1189 3051 preteriens.

821 3058 857 3105 Ab
867 3058 998 3104 subselliis:
1009 3061 1040 3104 88
1048 3061 1145 3114 8888188;
1155 3076 1211 3104 8888
1220 3060 1322 3104 dirious:

789 3129 819 3173 88
832 3132 936 3178 borreou.
954 3131 1017 3176 C'est
1029 3146 1073 3175 888
1085 3130 1187 3175 88881888
1204 3131 1233 3174 88
1242 3145 1323 3175 88888·

789 3204 864 3242 884888
875 3201 886 3242 ’8
899 3199 994 3244 Alienus
1008 3216 1038 3243 88
1046 3200 1135 3244 certain
1145 3200 1219 3244 881888
1228 3209 1278 3244 8888
1295 3216 1323 3245 88

789 3283 818 3313 88
831 3278 953 3328 mnrqount
962 3270 997 3313 188
1009 3269 1093 3313 limites
1103 3279 1128 3313 et
1141 3284 1170 3313 88
1181 3269 1323 3327 distinguent

789 3346 912 3382 eetovocot
924 3338 965 3382 888
976 3338 1036 3382 ereis
1048 3348 1157 3383 88888888.
1166 3337 1246 3383 etue
1258 3341 1322 3387 Ores.

789 3410 810 3460 Ι,
827 3421 888 3457 uu,
901 3413 955 3452 284.

820 3475 949 3523 Dicendo...
967 3475 1088 3522 elaosondo
1101 3494 1106 3522 :
1121 3478 1236 3523 domimo
1249 3482 1322 3524 :Bru-

791 3557 836 3602 tus,
852 3560 921 3602 xm,
938 3554 979 3592 {82
995 3564 1000 3593 :
1014 3562 1083 3609 quem
1095 3547 1227 3594 existimem
1236 3549 1323 3594 elama-

789 3628 868 3670 torem,
879 3633 949 3677 quesn
959 3628 1069 3662 oratorem
1081 3617 1160 3663 luisse.

821 3687 927 3748 Quidens,
941 3704 994 3733 8888
1011 3688 1077 3733 noir
1094 3687 1326 3735 88888881888888818

791 3774 842 3803 sens
856 3757 991 3811 advenentis,
1009 3759 1056 3804 s'en
1073 3761 1205 3819 repproebe
1222 3760 1279 3805 dens
1297 3761 1326 3804 88

791 3830 857 3874 881188
867 3830 1021 3888 expressions.
1034 3827 1070 3874 Cf.
1087 3832 1125 3883 tv,
1137 3837 1176 3884 28,
1188 3843 1214 3874 88
1225 3834 1256 3885 V,
1270 3838 1307 3876 40.

823 3902 890 3955 bene,
904 3902 1061 3945 suetoutdons
1070 3901 1091 3944 18
1104 3902 1188 3961 langue
1197 3900 1323 3951 1888811888,

792 3985 816 4014 88
835 3970 896 4027 joint
915 3985 959 4013 oux
975 3969 1082 4029 oiljeetit‘s
1099 3981 1124 4014 et
1149 3986 1192 4015 eus
1213 3971 1325 4015 odverbes

791 4055 850 4098 pour
868 4054 896 4083 en
914 4038 1035 4084 8888188888
1047 4040 1068 4085 18
1080 4054 1141 4084 8888.

824 4110 902 4158 Actor,
913 4124 1040 4170 synonyme
1053 4108 1205 4161 d'accusotor,
1219 4108 1323 4166 reppello

791 4177 881 4238 egendo
901 4179 931 4222 88
948 4192 990 4231 xv,
1010 4184 1052 4234 ⁴73
1072 4179 1129 4222 mstis
1154 4187 1245 4223 eurtout
1267 4191 1324 4236 pen·-

792 4258 878 4294 mettre
906 4249 1027 4294 d'omenes·
1051 4250 1071 4292 18
1088 4249 1249 4306 eonspsseieon
1271 4261 1325 4291 8888

793 4320 826 4363 188
840 4327 927 4362 actores
937 4324 1016 4379 greci.

823 4391 857 4435 Ne
874 4388 896 4433 is
907 4388 1027 4450 quidem...
1048 4403 1110 4448 :pes
1119 4387 1175 4447 plus
1190 4401 1236 4447 que
1250 4386 1284 4432 881
1301 4397 1324 4431 88

793 4458 954 4519 qu'tlpuliius,
971 4460 986 4503 it
1005 4474 1033 4503 88
1053 4471 1139 4517 1888888
1152 4455 1208 4502 loire
1222 4472 1249 4502 ee
1268 4457 1324 4518 qu'sl

1189 4578 1204 4629 t
