3150 5378
489 470 540 523 ns
567 467 818 541 suremcus,
841 462 877 544 aa
899 467 1012 523 ao-aa.
1265 462 1318 520 ear

183 624 282 670 nomo
305 614 377 667 erat
401 599 481 690 quin
507 596 670 667 rationem
694 595 940 688 numerumque
962 595 1100 664 haberet
1119 609 1152 665 et
1169 595 1318 687 reliquos

184 740 250 784 non
283 712 486 781 desideraret
513 710 643 797 solum,
678 711 733 780 scd
763 712 863 780 etiam
889 726 1039 804 posceret
1073 725 1104 778 et
1138 709 1316 803 flagitaret.

186 838 248 915 [ta]
265 830 350 896 Cum
377 851 517 920 magnus
536 850 698 893 numerus
719 823 856 906 deesset,
879 839 950 892 tum
971 824 1031 892 iste
1049 825 1152 893 homo
1172 826 1320 894 nefarius

184 943 218 1011 in
241 965 360 1011 eorum
380 942 507 1019 locum,
527 923 612 1033 quos
642 938 779 1007 domum
802 963 895 1006 suam
909 938 957 1007 ‘de
977 939 1092 1033 piratis
1120 940 1318 1025 abduxerat,

184 1057 384 1126 substituere
414 1073 447 1126 et
477 1081 669 1152 supponere
702 1056 805 1149 coepit
837 1055 926 1122 cives
956 1052 1143 1140 Romanos,
1175 1081 1259 1149 quos
1286 1056 1319 1123 in

184 1197 351 1241 carcerem
382 1186 478 1240 antea
506 1171 716 1263 conjecerat;
743 1193 889 1263 quorum
919 1167 1001 1236 alios
1022 1169 1234 1237 Sertorianos
1259 1170 1321 1236 mi·

185 1289 257 1355 lites
278 1285 377 1353 luisse
401 1285 613 1352 insimulabat
632 1299 665 1352 et
686 1309 725 1351 ex
748 1282 907 1375 Hispania
931 1282 1096 1376 fugientes
1119 1284 1160 1352 ad
1178 1285 1320 1353 Siciliam

185 1401 341 1495 arlpulsos
360 1425 430 1468 esse
451 1399 598 1480 dicebat:
627 1401 722 1488 alios,
742 1399 800 1493 qui
820 1423 838 1466 a
858 1396 1073 1493 praedonibus
1095 1415 1191 1468 erant
1218 1401 1321 1495 capti,

185 1539 261 1582 cum
280 1529 485 1583 mercaturas
499 1515 647 1583 facerent
664 1513 889 1606 autaliquem
906 1514 949 1581 ob
965 1538 1098 1581 causam
1115 1514 1320 1608 navigarent,

187 1655 246 1698 sua
266 1628 440 1699 voluntate
463 1655 540 1698 curn
567 1629 683 1724 piratis
707 1628 806 1696 fuisse
831 1629 1007 1720 arguebat.
1029 1631 1145 1722 Itaque
1172 1644 1241 1697 tum
1268 1629 1324 1698 alii

187 1740 273 1808 eires
292 1739 450 1827 Romani,
466 1764 507 1807 ne
522 1755 819 1833 cognoscerentur,
845 1736 1014 1807 obvolutis
1030 1763 1048 1806 e
1066 1763 1198 1807 carcerc
1211 1740 1324 1834 capiti·

187 1855 250 1922 bus
268 1853 310 1922 ad
326 1855 437 1947 palum
453 1868 552 1946 atque
567 1853 608 1920 ad
627 1877 741 1921 necem
753 1853 988 1948 rapiebantur3
1005 1852 1073 1933 alii,
1084 1878 1194 1922 cuma
1213 1854 1324 1922 multis

187 1968 314 2036 civibus
332 1967 491 2035 Romanis
505 1981 802 2060 cognoscerentur,
819 1966 860 2033 ab
873 1967 1029 2038 omnibus
1044 1966 1320 2052 defenderentur,

188 2088 294 2151 securi
310 2081 531 2150 feriebantur.
549 2080 707 2167 Quorum
721 2103 784 2172 ego
801 2079 842 2146 de
856 2079 1073 2149 acerbissima
1084 2097 1191 2151 morte
1206 2083 1325 2152 crude-

190 2197 379 2290 lissimoque
394 2196 543 2264 cruciatu
563 2193 685 2281 dicam,
703 2218 870 2262 cumeum
889 2195 999 2262 locum
1016 2209 1158 2263 tractare
1175 2222 1322 2291 crepero,

188 2327 221 2379 et
244 2311 287 2379 ita
307 2311 430 2397 dicam,
458 2325 508 2393 ut,
528 2309 555 2376 si
575 2333 628 2376 me
652 2308 687 2375 in
712 2333 749 2375 ea
770 2309 993 2401 querimonia,
1014 2324 1113 2401 quam
1136 2335 1209 2377 sum
1231 2312 1326 2380 habi-

190 2441 284 2494 turus
310 2424 352 2492 de
376 2424 469 2492 istius
493 2422 689 2491 crudelitate
710 2437 743 2490 et
764 2422 806 2488 de
828 2421 949 2489 civium
975 2425 1205 2490 Romanorum
1240 2425 1325 2493 indi-

189 2539 344 2633 gnissima
361 2552 480 2620 morte,
494 2561 562 2604 non
580 2534 682 2603 modo
697 2535 795 2619 vires,
809 2559 926 2603 verum
941 2536 1040 2603 etiam
1055 2537 1119 2604 vita
1134 2537 1277 2626 deficiat,
1293 2540 1324 2607 it

185 2652 272 2720 ‘mihi
287 2649 528 2744 praeclarumet
538 2647 727 2740 jucundum
741 2664 869 2744 putem.
885 2657 949 2733 [73]
963 2652 1042 2717 Haec
1052 2650 1153 2740 igitur
1171 2668 1220 2720 est
1235 2670 1326 2746 gesta

190 2793 255 2854 res,
277 2768 346 2834 haec
368 2763 507 2832 victoria
529 2761 689 2857 praeclara
712 2784 719 2832 :
741 2787 948 2857 myoparone
970 2764 1111 2857 piratico
1127 2782 1239 2861 capto,
1259 2769 1326 2837 ‹lux

190 2881 363 2967 liberatus,
388 2876 615 2972 symphoniaci
645 2878 786 2943 Romam
814 2876 922 2964 missi;
947 2877 1084 2948 formosi
1113 2882 1268 2953 homines
1296 2902 1325 2953 et

190 2993 417 3063 adulescentes
431 3007 464 3060 et
478 2989 622 3058 artifices
636 2989 775 3058 domum
794 2989 930 3059 abducti
949 3016 956 3060 :
978 2991 1012 3060 in
1033 3019 1148 3062 eorum
1167 2997 1278 3065 locum
1296 3013 1329 3067 et

222 3178 375 3220 visitares:
392 3178 430 3217 72.
448 3171 621 3220 afflictent...
638 3172 779 3231 praetoribus.
795 3198 825 3206 ·-
839 3172 899 3217 Bake
919 3170 986 3235 [cives
1004 3173 1110 3238 Romani]
1171 3175 1265 3240 {civibus
1281 3183 1330 3226 llu-

192 3243 279 3308 mnniq.
294 3271 323 3279 -
341 3245 377 3303 Rp
390 3243 501 3288 obvolutis
509 3257 516 3305 3
532 3245 556 3288 V
566 3242 678 3290 involutis.
690 3269 720 3278 -
733 3243 754 3288 ll
767 3243 850 3303 palam.
863 3267 890 3276 -
900 3261 916 3301 p
932 3245 1021 3303 tergm
1032 3261 1076 3289 orn.
1090 3260 1142 3306 ego.

223 3406 342 3452 Rationem
352 3417 525 3463 riamerumqrre,·
538 3401 558 3447 le
573 3401 671 3461 premier
686 3411 734 3446 mot

819 3403 1017 3461 Cognoscereotur,
1036 3402 1091 3447 d'ou
1110 3407 1220 3466 cognitor,
1239 3408 1330 3469 citoyen

192 3487 225 3522 est
247 3475 299 3535 plus
320 3472 418 3535 general,
438 3472 458 3516 lc
480 3471 563 3516 second
580 3470 632 3530 plue
649 3471 731 3531 precis.

788 3469 829 3530 qui
840 3486 864 3515 se
878 3481 945 3530 porte
958 3481 1038 3532 garant
1054 3474 1085 3518 ‹le
1100 3474 1209 3520 l'identite
1224 3478 1278 3523 d'un
1291 3495 1330 3524 nu·

192 3544 305 3607 Suppleez
317 3562 322 3587 ε
336 3558 416 3588 eornm
428 3541 469 3602 qut
480 3543 587 3602 producti
600 3551 673 3588 eraut.

223 3622 260 3663 72.
278 3613 430 3661 Sertorianos.
451 3614 482 3657 La
501 3621 563 3656 mort
578 3613 607 3657 de
621 3612 734 3657 Sertorios

192 3697 214 3732 et
228 3687 249 3731 la
261 3686 346 3730 delaite
356 3685 385 3728 ‹le
395 3687 511 3742 Perpenna
524 3692 576 3727 sont
587 3682 618 3727 ‹le
631 3687 669 3743 tt,
680 3697 734 3740 pen·

192 3759 246 3801 deut
258 3757 278 3800 la
289 3754 405 3800 deuxieme
423 3752 495 3798 nuntie
512 3754 542 3797 du
557 3762 735 3813 gouvrrnement

192 3830 220 3873 de
230 3826 316 3872 Verres.
330 3828 449 3882 Beaucoup
464 3824 493 3867 de
510 3823 596 3867 solelnts
610 3824 640 3867 de
656 3824 735 3868 Serto-

193 3898 239 3942 rins
255 3905 339 3956 pureut
353 3909 376 3939 se
391 3893 492 3956 relrtgier
505 3909 545 3938 sur
563 3892 596 3937 lca
618 3893 734 3938 missenus

193 3969 233 4011 des
248 3965 343 4024 pir-ntem
360 3964 375 4007 il
389 3963 603 4008 eetvraisemlilulrle
613 3979 660 4022 que
673 3964 736 4022 quel·

194 4050 306 4097 ques-uus
322 4034 410 4078 d’entre
431 4048 475 4077 eux
493 4033 618 4094 gagnerrut
635 4033 692 4077 ainsi
716 4034 735 4077 la

194 4105 268 4151 Sicile.

226 4174 336 4235 Aliquam
359 4190 366 4215 .·
393 4187 436 4216 une
461 4171 537 4216 raison
566 4171 736 4226 inde'tcrmr'ne'e.

195 4247 269 4308 quelle
283 4243 367 4303 qu'elle
376 4242 428 4289 soit.
438 4243 500 4286 Nous
515 4241 605 4286 dirious
618 4260 623 4286 :
637 4257 668 4286 ou
678 4259 737 4302 pour

196 4317 293 4378 quelque
304 4322 370 4358 arcere
382 4313 465 4358 raison.
480 4313 521 4357 Les
533 4313 610 4357 Lentim
618 4313 737 4374 regau-eleut

194 4397 252 4432 cette
262 4382 414 4445 signification
430 4396 517 4425 comune
532 4390 656 4426 reasortunt
673 4381 739 4429 suffi-

194 4465 302 4503 sammeut
311 4456 342 4497 du
351 4463 471 4498 cantexte:
482 4453 584 4507 Kiilruer,
602 4452 634 4506 ΙΙ,
647 4469 672 4512 p.
682 4459 736 4509 lut»,

195 4544 253 4576 rem.
269 4535 276 4571 t
290 4544 297 4580 ς
313 4527 405 4585 Bergrr,
419 4520 484 4582 sol.
497 4522 560 4585 §⁴¹1
575 4537 632 4570 rem.
645 4528 668 4568 ³.

788 3551 833 3586 ΠΟ.
846 3541 880 3587 Cl.
895 3546 950 3601 4³8,
968 3548 1020 3604 tat,
1037 3549 1078 3587 {87
1092 3553 1114 3586 el
1128 3551 1179 3594 168.

818 3610 975 3665 οὶϊοὶυτὶε...,
983 3620 1120 3658 commetes
1129 3623 1200 3664 ettb‘t
1211 3619 1333 3665 :involutis

787 3681 919 3741 capitelam
932 3682 1008 3726 c'e‘tait
1022 3683 1042 3727 le
1054 3686 1157 3744 supplice
1173 3687 1213 3731 des
1226 3691 1332 3749 perduel-

788 3750 821 3795 les
833 3752 976 3808 :Tire-tivo,
985 3754 1003 3815 l,
1015 3768 1086 3816 xxvi,
1096 3763 1108 3799 a
1119 3771 1124 3798 t
1136 3769 1204 3817 eaput
1215 3759 1330 3811 obaubitu.

820 3823 931 3869 Dicant...
955 3833 978 3866 et
997 3824 1032 3867 ita
1052 3823 1143 3871 dicum:
1161 3829 1249 3887 reprise
1263 3833 1333 3876 vehe-

789 3902 871 3937 mente.
882 3894 919 3937 On
930 3908 1037 3952 compare
1054 3896 1104 3940 rien
1121 3913 1165 3957 que
1182 3900 1238 3944 dnus
1261 3901 1281 3944 le
1300 3905 1332 3948 De

788 3963 844 4022 imp,
859 3964 956 4023 Pomp.:
975 3969 1011 4024 to,
1027 3964 1133 4011 dream...
1154 3977 1177 4012 et
1192 3971 1226 4013 itu
1240 3971 1332 4026 dicam,-

789 4036 813 4084 7,
823 4043 905 4092 regnat
914 4042 938 4077 et
945 4035 979 4078 ita
986 4045 1098 4092 regnae...
1105 4057 1115 4089 ‚·
1123 4044 1145 4090 Β,
1157 4039 1332 4098 triumphavit...

788 4103 830 4147 se!
848 4103 884 4148 ita
907 4103 1113 4164 triumpharunt...
1129 4107 1208 4152 Voieit
1230 4110 1331 4156 t'index:

790 4173 926 4234 Ile'pe'tition.

822 4246 897 4290 Cum:
910 4260 939 4288 an
952 4245 1021 4304 chnp.
1033 4261 1085 4309 nur,
1101 4252 1142 4290 159
1155 4259 1179 4292 ct
1193 4249 1250 4297 suiv,

821 4318 860 4360 7³.
875 4316 933 4360 1η...
950 4313 1031 4358 locum.
1045 4317 1081 4359 On
1099 4316 1207 4376 explique
1220 4330 1255 4365 cet
1267 4337 1333 4367 nocu-

790 4383 844 4427 sntil
862 4399 890 4428 en
908 4384 1065 4443 rapproelmnt
1077 4400 1107 4429 nu
1128 4403 1224 4449 prrsstrge
1246 4391 1274 4435 de
1288 4393 1334 4438 sat-

790 4452 859 4517 luste.
881 4456 948 4515 lug„
966 4470 1019 4518 xrs,
1036 4462 1062 4513 t,
1078 4458 1108 4500 οὺ
1124 4458 1213 4516 ιΙάμῐὲ,
1229 4461 1259 4504 les
1272 4465 1335 4508 meil-

791 4522 852 4568 leur·
861 4539 913 4571 mee.
924 4526 959 4570 tc
966 4526 1085 4586 etd¹apres
1093 4528 1233 4575 lesdernlers
1242 4540 1335 4581 trnraux
