3150 5378
489 485 543 539 on
568 485 814 562 surrtchS,
836 482 873 564 gp
894 489 1008 544 ato-an.
1257 483 1314 538 ara

179 612 347 681 traxeris?
372 615 456 699 Quae
484 615 613 683 colonia
638 630 687 684 est
712 616 744 683 in
771 617 866 685 ltalia
892 633 959 685 tarn
988 618 1079 686 bono
1103 617 1193 710 jure,
1219 617 1309 711 quod

179 742 244 795 tam
270 728 420 796 immune
443 730 663 824 municipium
685 731 777 825 quod
800 756 861 826 per
880 732 981 800 hosce‘
1001 758 1107 802 annos
1122 715 1193 801 Ιαῐη
1218 759 1311 802 com·

177 841 276 910 moda
300 843 473 912 vacatione
496 844 646 912 omnium
669 869 783 913 rermn
807 846 859 913 sit'
873 871 968 914 usum
990 872 1091 941 quam
1113 849 1309 917 Mamertina

177 956 314 1024 civitas?
332 959 397 1025 Per
413 958 593 1027 triennium
610 957 687 1046 soli,
707 973 744 1027 ex
767 958 892 1028 foedere
909 960 1001 1055 quod
1021 961 1223 1042 debuerunt,
1243 987 1309 1030 non

84 1104 90 1115 ·
177 1070 360 1160 dederum3
377 1072 438 1140 soii
453 1073 516 1142 isto
528 1089 672 1167 praetore
684 1072 836 1142 omnium
850 1099 961 1142 rerum
975 1075 1140 1144 immunes
1154 1077 1292 1145 fuerunt
1298 1099 1308 1165 3

176 1186 237 1253 soli
258 1186 291 1254 in
318 1189 411 1256 istius
425 1188 567 1282 imperio
584 1214 622 1257 ea
637 1188 835 1257 condicione
856 1190 1023 1274 vixerunt,
1042 1197 1080 1259 ut
1097 1192 1224 1286 populo
1243 1195 1310 1259 tto-

178 1326 276 1368 mano
296 1302 379 1370 nihil
398 1303 529 1388 darent,
549 1303 647 1371 Verri
668 1303 748 1371 nihii
771 1319 945 1398 negarent.

224 1419 352 1488 XXIII.
383 1427 445 1501 [59]
476 1421 617 1503 Verum,
655 1433 691 1486 ut
720 1417 762 1486 ad
791 1417 942 1508 classem,
973 1446 1041 1514 quo
1070 1446 1108 1489 ex
1138 1422 1212 1490 loco
1237 1445 1311 1489 sum

177 1530 356 1624 digressus,
385 1546 547 1617 revertar,
575 1531 729 1626 accepisti
757 1557 776 1601 a
804 1534 1014 1602 Mamertinis
1043 1559 1160 1603 navem
1194 1550 1310 1603 eontra

178 1644 276 1737 leges,
300 1645 452 1714 remisisti
471 1660 588 1713 contra
612 1645 749 1715 foedera.
773 1647 823 1714 lta
839 1645 872 1713 in
894 1672 958 1714 una
984 1648 1118 1716 civitate
1133 1647 1182 1714 bis
1197 1648 1310 1741 inpro-¹

176 1760 238 1826 bns
266 1759 370 1847 suisti,
397 1785 473 1828 curn
498 1775 531 1828 et
561 1760 714 1829 remisisti
741 1760 835 1855 quod
860 1786 929 1830 nou
956 1764 1134 1859 oportebat
1161 1778 1194 1832 et
1218 1787 1311 1831 acce-

178 1875 254 1968 pisti
280 1875 371 1968 quod
403 1901 471 1943 non
499 1875 631 1946 licebat.
657 1877 800 1969 Exigere
829 1892 861 1945 te
892 1879 1046 1971 oportuit
1073 1903 1205 1966 navem,
1238 1889 1311 1971 quae

176 2005 292 2059 eontra
317 1990 504 2085 praedones,
529 2016 595 2060 non
619 2016 694 2086 quae
713 2017 790 2060 cum
809 1993 922 2086 praeda
950 1993 1137 2088 navigaret,
1162 2017 1237 2086 quae
1257 1991 1311 2060 de·

177 2104 328 2173 tenderet
350 2130 390 2172 ne
411 2105 583 2199 provincia
604 2105 819 2200 spoliaretur,
842 2132 910 2175 non
930 2133 1004 2200 qnae
1027 2107 1209 2201 provinciae
1229 2119 1310 2201 spo-

177 2219 217 2286 tia
237 2234 400 2314 portaret.
424 2219 615 2288 Mamertini
633 2220 692 2289 tibi
705 2234 739 2289 et
758 2221 877 2289 urbem
891 2246 960 2315 quo
980 2221 1068 2289 furta
1085 2221 1235 2313 undique
1252 2218 1310 2288 de·

177 2351 339 2429 portares,
359 2349 393 2403 et
416 2359 533 2402 navem
551 2334 669 2429 inqua
692 2351 898 2430 exportares,
921 2335 1109 2429 praebuere.
1139 2332 1227 2402 lttud
1253 2333 1313 2402 tibi

176 2450 338 2544 oppidum
360 2450 607 2543 receptaculum
632 2449 754 2544 praedae
780 2449 856 2533 tuit,
877 2446 927 2516 itti
950 2448 1103 2517 homines
1126 2461 1223 2516 testes
1237 2472 1313 2515 cus-

177 2564 338 2658 todesque
365 2563 556 2649 furtorum3
588 2563 636 2633 itti
670 2563 729 2633 tibi
757 2579 790 2633 et
817 2564 929 2632 locum
960 2562 1059 2631 furtis
1085 2577 1118 2631 et
1144 2561 1311 2630 furtorum

176 2679 365 2747 vehiculum
381 2694 674 2772 comparaverunt.
692 2681 811 2772 Itaque
825 2703 868 2747 ue
889 2692 960 2746 tum
984 2676 1121 2771 quidem
1140 2701 1218 2745 cum
1235 2677 1314 2744 clas·

175 2818 244 2860 sem
267 2793 404 2861 avaritia
428 2817 467 2861 ac
491 2793 637 2886 nequitia
661 2809 719 2862 tua
744 2791 935 2889 perdidisti,
960 2791 1169 2862 Mamertinis
1196 2814 1312 2858 navem

176 2909 344 3004 imperare
370 2932 471 2976 ausus
498 2932 545 2994 es,
574 2932 644 3002 quo
667 2922 829 3002 'tempore
859 2907 893 2974 in
916 2920 1009 2975 tanta
1038 2907 1151 3001 inopia
1178 2905 1313 2974 navium

207 3071 356 3113 mexnrcs:
376 3075 413 3115 ets.
428 3085 446 3129 p
459 3082 484 3113 ea
502 3066 537 3128 (2⁹
548 3083 579 3116 n.
593 3082 619 3113 nc
630 3084 635 3112 ε
647 3066 705 3113 lisca
718 3066 768 3128 hae)
785 3065 920 3112 condicione
938 3065 972 3130 (ν
987 3083 1018 3115 m.
1032 3067 1153 3112 eru-deserte
1163 3086 1171 3112 .-
1182 3065 1235 3127 vite)
1255 3064 1314 3110 vixe-

176 3149 235 3182 runt.
249 3165 278 3172 -
291 3146 329 3185 att.
339 3155 373 3200 pp
384 3138 445 3188 Rau.
455 3139 485 3196 u,
500 3153 526 3198 p.
542 3144 584 3183 tttu
597 3153 602 3181 :
614 3152 666 3198 quas
676 3153 735 3184 nora
745 3136 886 3197 provincim
896 3139 997 3196 nereus,
1007 3140 1038 3186 Ε.
1049 3140 1078 3186 F.
1090 3135 1228 3184 Eberhard:
1239 3135 1313 3195 spolia

175 3219 310 3269 asportaret.
324 3235 354 3243 -
365 3227 380 3269 p
391 3208 499 3268 prebuei.

208 3356 303 3402 conata
325 3373 333 3399 .·
354 3370 442 3403 comme
463 3356 495 3402 les
514 3356 607 3402 colonie
630 3358 719 3404 metae

178 3427 233 3487 (non
251 3443 291 3485 pas
304 3425 404 3483 cirrum,)
419 3426 531 3471 n'aveient
543 3442 583 3487 pas
597 3437 672 3474 tontes
687 3429 719 3474 ies

805 3358 885 3406 Urbem
895 3374 938 3419 quo
948 3375 957 3402 .-
969 3357 1072 3418 Madxig,
1091 3360 1145 3417 att,
1162 3356 1227 3404 Rem.
1241 3361 1264 3402 2.
1281 3357 1316 3401 De

773 3431 845 3474 meme
858 3429 905 3474 ici:
921 3433 960 3490 7⁹,
977 3437 1051 3473 certus
1066 3427 1157 3474 locus...
1172 3435 1258 3471 certum
1273 3426 1314 3471 tri-

177 3500 258 3541 mcmrs
277 3507 384 3557 rapport!
397 3512 450 3541 arce
467 3498 550 3559 Rome,
565 3512 610 3556 qne
628 3507 718 3543 notam-

177 3579 238 3611 mrnt
250 3568 302 3612 elles
311 3567 341 3611 ini
355 3561 513 3612 tournissaient
523 3567 562 3611 dea
575 3567 720 3630 contingente

176 3638 301 3697 utun-ena,
315 3653 346 3682 ou
360 3637 453 3697 pourait
465 3637 519 3682 taire
533 3647 597 3682 entre
607 3637 660 3683 ettes
676 3653 720 3683 une

176 3709 306 3752 distinction
320 3709 432 3770 analogue
445 3711 457 3752 a
472 3709 528 3753 celte
547 3708 586 3752 des
597 3707 720 3768 soederatae

176 3780 278 3823 civitates
289 3795 361 3838 ⁸aequo,
371 3777 566 3838 aequissimojure,
578 3786 609 3831 et,
619 3777 720 3839 quoique

176 3849 207 3893 les
227 3849 362 3895 uitttrences
382 3848 466 3894 fussent
489 3864 549 3908 pour
570 3848 602 3893 les
620 3848 720 3893 colonien

177 3917 292 3978 beaucoup
305 3918 378 3963 moins
392 3920 550 3980 imponantes,
570 3918 618 3964 «tire
634 3933 718 3978 oepcn·

177 3988 231 4031 dant
252 4003 341 4032 comme
360 3989 388 4033 ici
409 4005 414 4032 z
435 4005 512 4049 quam.
539 3997 586 4032 taur
610 3988 666 4032 botro
677 3987 720 4049 ju·

177 4073 230 4103 re...
242 4076 246 4099 :
259 4058 359 4119 Madvig,
372 4048 429 4103 Ean
444 4058 509 4105 Rom.
527 4059 571 4119 lii,
584 4073 608 4117 p.
626 4063 664 4105 ³7.

208 4130 310 4171 Immune
328 4127 474 4188 rnurrt'cipium
494 4147 502 4172 .·
525 4128 672 4176 altirkruion.
701 4130 719 4173 ΙΙ

179 4197 245 4256 s'agit
257 4197 296 4240 des
307 4197 424 4241 ancienne-s
435 4199 539 4243 civitates
549 4197 626 4242 liberer
639 4208 663 4242 et
676 4198 720 4242 ἰηι-

179 4283 255 4310 orurres
283 4266 428 4327 (Mispontet,
454 4269 485 4328 M,
504 4286 528 4329 p.
546 4269 720 4329 eudemones

178 4336 301 4395 rrxrmicr'pes
315 4337 386 4395 paria
398 4336 429 4381 tot
442 4338 512 4386 Iulia.

209 4413 246 4453 aa.
278 4410 362 4453 Verum
386 4417 440 4455 ut...
453 4407 577 4468 digmus,
598 4417 720 4454 revertar:

177 4477 243 4538 apris
262 4478 282 4522 io
305 4477 467 4540 παρὲκῦασις,
483 4478 503 4523 ic
516 4489 594 4523 rernm·
607 4494 634 4522 au
654 4479 719 4540 snjtt,

177 4547 264 4592 entitas
279 4546 457 4610 adpropositmn
472 4564 502 4593 on
518 4541 643 4606 ἐπάνοδος.

265 4641 401 4680 VERRIUS·

773 3498 840 3544 buna!
848 3515 891 3559 qao
900 3507 1036 3555 reservetur-3
1047 3503 1084 3557 ⁹2,
1094 3496 1225 3558 pretorium
1232 3512 1317 3556 quem,-

774 3574 828 3621 ter,
841 3569 889 3613 noti
905 3569 924 3614 is
937 3577 1116 3629 praevenerunt,
1130 3575 1169 3627 tto,
1188 3582 1214 3611 ex
1234 3567 1253 3611 is
1272 3583 1315 3626 np-

772 3639 833 3699 ptdte
856 3655 902 3700 qna
924 3639 1080 3694 ducebantur5
1102 3644 1146 3697 85,
1165 3639 1188 3683 in
1211 3653 1238 3682 eo
1265 3638 1316 3683 loco

772 3724 862 3769 qua...‚·
890 3715 942 3770 tta,
958 3709 1027 3754 mutu
1040 3709 1104 3773 signu
1122 3725 1190 3771 quam
1206 3708 1233 3752 ob
1249 3724 1317 3764 rem,·

773 3788 797 3825 et
810 3780 832 3824 ia
844 3780 936 3824 notede
948 3781 1021 3842 Halm,
1034 3780 1090 3828 tuit.
1102 3781 1154 3841 lat.,
1164 3782 1210 3826 Pro
1223 3778 1294 3823 Sulla
1310 3796 1316 3822 ε

774 3854 868 3910 ¹¹¹x⁵³
883 3850 915 3895 in.

804 3922 945 3979 Expertum
960 3936 968 3963 .·
987 3936 1046 3979 pour
1057 3935 1083 3965 ee
1097 3928 1181 3964 motet
1197 3934 1257 3978 pour
1269 3927 1316 3962 tout

773 3988 794 4033 le
809 4004 912 4050 passage,
922 3987 952 4035 cf.
966 3989 1009 4041 IV,
1020 4004 1046 4045 x,
1061 3997 1098 4035 2³.

804 4060 922 4105 Praebuere
940 4076 945 4103 ι
966 4058 1020 4104 c’est
1041 4060 1062 4103 lu
1082 4058 1155 4105 ior-e
1168 4059 1200 4103 du
1213 4059 1269 4117 style
1286 4056 1317 4101 iu-

773 4129 963 4182 xxiiiier3011eest
981 4128 1097 4188 beaucoup
1111 4128 1183 4173 moins
1198 4127 1315 4187 employec

773 4214 818 4259 que
831 4208 897 4242 -runt
910 4199 964 4244 eirea
978 4199 1009 4244 ies
1021 4198 1142 4258 classiqucs
1156 4215 1161 4242 ε
1176 4199 1281 4256 Kanna,
1295 4199 1316 4253 l,

775 4271 827 4314 Lot.
839 4272 889 4327 Gr„
898 4285 922 4328 p.
939 4272 1022 4321 4³7·8;
1038 4270 1159 4322 crusna»,
1173 4271 1206 4313 De
1217 4282 1319 4312 rerumne

774 4339 929 4393 Sallustiana,
942 4354 967 4398 p.
985 4345 1022 4386 tt.

805 4412 927 4455 Furtorum
942 4422 997 4453 avec
1015 4417 1091 4470 testes,
1112 4409 1172 4467 vols,
1194 4422 1248 4453 avec
1267 4420 1318 4451 eas·

778 4478 849 4531 toda,
862 4478 935 4537 objets
947 4479 1016 4524 volet.

810 4550 910 4596 Tum...:
923 4548 973 4592 noir
982 4553 1011 4594 tt
1021 4557 1045 4594 et
1056 4545 1111 4597 mir.

1160 4636 1191 4690 tt
