3150 5378
459 457 510 511 ns
538 453 789 530 spasmeam,
812 450 848 531 aa
869 452 983 510 aaut.
1233 451 1290 508 aaa

158 589 338 656 neminem.
374 587 407 654 Si
444 585 597 673 haberes,
631 601 740 654 tamen
771 610 837 654 non
870 584 914 654 ita
941 585 1067 654 vixeras
1101 601 1137 656 ut
1165 603 1289 657 metum

154 702 258 798 judici
290 701 499 797 propositum
533 700 656 770 habere
683 699 831 769 deheres.
870 703 922 769 dn
952 716 1000 789 te,
1034 700 1066 769 id
1096 702 1186 793 quod
1221 703 1290 772 fieri

157 819 260 905 sciet,
295 817 498 885 conscientia
527 815 682 884 timidum
709 815 997 911 suspiciosumque
1029 815 1196 886 faciebat?
1223 817 1292 905 Qui

159 932 273 1026 igitur,
300 956 377 1000 cum
404 956 488 999 esses
514 956 591 1000 cum
619 931 778 1026 imperio,
800 931 870 1024 jam
896 946 966 998 tum
996 930 1123 1000 crimen
1145 948 1178 1002 et
1200 933 1292 1025 judi-

158 1048 246 1116 cium
269 1045 454 1132 horrueris,
472 1070 547 1113 cum
568 1060 619 1114 tot
644 1046 783 1114 testibus
802 1070 997 1139 coarguare,
1020 1061 1112 1140 potes
1134 1046 1175 1115 de
1201 1046 1293 1116 dam·

159 1163 294 1230 natione
316 1159 492 1229 dubitare?
509 1169 573 1245 [¹15]
604 1163 742 1242 Verum,
766 1161 793 1227 si
811 1160 935 1228 crimen
956 1161 1020 1229 hoc
1044 1163 1228 1247 metuebas,
1251 1189 1293 1231 ue

159 1276 233 1371 quis
256 1275 468 1369 suppositum
496 1274 555 1342 abs
583 1288 615 1342 te
650 1298 719 1342 esse
753 1273 878 1342 diceret
905 1275 963 1367 qui
998 1299 1061 1370 pro
1092 1276 1293 1370 archipirata

159 1392 266 1460 securi
284 1390 457 1477 feriretur,
480 1405 594 1458 utrum
615 1387 749 1456 tandem
770 1388 827 1457 tibi
851 1388 892 1458 ad
915 1388 1141 1458 defensionem
1166 1391 1294 1461 firmius

159 1507 231 1575 fore
250 1504 373 1601 putasti
396 1505 431 1573 iu'
452 1503 594 1598 judicio,
624 1519 741 1573 coactu
764 1519 867 1600 atque
887 1503 1072 1598 efflagitatu
1101 1531 1188 1595 meo,
1212 1533 1294 1602 pro-

161 1621 282 1690 ducere
303 1636 373 1689 tum
400 1619 441 1688 ad
466 1621 599 1713 ignotos
624 1634 716 1688 tanto
735 1634 810 1713 post
831 1644 907 1687 eum
926 1645 1027 1713 quern
1058 1622 1293 1717 archipiratam

160 1760 229 1804 esse
257 1734 396 1819 diceres,
423 1758 466 1802 an
495 1734 619 1802 receuti
647 1759 683 1802 re
711 1735 880 1828 Syracusis
907 1735 995 1830 apud
1026 1751 1137 1824 notos,
1164 1737 1294 1832 inspee-

161 1865 251 1918 tante
279 1848 391 1918 Sicilia
429 1874 522 1942 paene
553 1863 634 1933 tota,
661 1849 768 1916 securi
796 1849 921 1918 ferire?
944 1849 1031 1918 Vide
1061 1851 1143 1945 quid
1168 1851 1295 1922 intersit

161 1980 274 2033 utrum
292 1962 481 2032 faciendum
504 1962 616 2032 fuerit.
638 1964 677 2030 lu
695 1962 751 2031 itto
772 1965 986 2059 reprehensio
1007 1966 1098 2033 nulia
1113 1983 1219 2053 esset;
1240 1967 1297 2036 la'c

160 2078 316 2176 (defensio
341 2077 439 2147 nuda
461 2093 525 2147 est.
554 2080 671 2169 Itaque
703 2076 787 2146 iliud
813 2103 944 2175 semper
978 2105 1094 2150 ornnes
1119 2080 1294 2175 iecerunt,

162 2195 225 2263 hoc
242 2194 315 2287 quis
333 2207 408 2262 ante
427 2209 472 2281 te,
492 2193 566 2286 quis
585 2207 708 2286 praeter
727 2207 758 2262 te
782 2193 911 2282 feeerit,
933 2220 1060 2288 quaero.

209 2312 354 2378 Piratam
365 2308 474 2376 vivom
489 2307 636 2377 tenuisti.
648 2306 758 2394 Quem
773 2307 815 2377 ad
826 2308 924 2377 finem
935 2309 950 2376 Ρ
961 2312 1051 2378 Dum
1061 2336 1137 2379 eum
1154 2313 1297 2407 imperio

161 2426 264 2495 fuisti.
287 2425 397 2510 Quam
417 2423 461 2491 ob
482 2422 635 2491 causam?
656 2448 724 2516 quo
749 2424 923 2518 exemplo?
942 2450 1003 2493 eur
1028 2440 1095 2494 tam
1114 2426 1195 2496 aiut
1221 2454 1295 2516 cur,

161 2539 311 2633 iuquam,
322 2538 448 2606 civibus
463 2537 634 2622 Romanis,
649 2562 733 2632 quos
751 2539 866 2633 piratae
882 2555 1052 2634 ceperant,
1068 2543 1172 2610 securi
1186 2544 1297 2613 statim

163 2653 340 2749 percussis,
357 2653 435 2747 ipsis
455 2651 569 2747 piratis
586 2652 668 2720 lucis
691 2677 827 2721 usuram
852 2670 918 2722 tam
943 2654 1139 2724 diuturnam
1158 2657 1297 2728 dedisti?

169 2775 231 2857 [76]
252 2772 378 2837 Verum
396 2781 489 2853 est03
509 2766 549 2835 sit
565 2763 627 2834 tibi
642 2766 724 2836 iliud
745 2768 888 2837 liberum
905 2793 1006 2839 omne
1024 2783 1168 2867 tempus,
1185 2773 1295 2866 quoad

162 2909 237 2952 cum
254 2882 395 2978 imperio
413 2880 525 2950 fuisti:
543 2881 685 2950 etiamne
706 2882 866 2977 privatus,
885 2884 1030 2953 etiamne
1044 2911 1133 2972 reus,
1153 2889 1297 2957 etiamne

164 3024 256 3093 praue
275 2997 452 3064 damnatus
472 2996 617 3064 hostium
641 2996 743 3066 duces
764 2999 892 3090 privata
918 2998 952 3066 in
980 2998 1081 3069 domo
1112 3002 1297 3072 retinuisti?

166 3115 290 3197 Unum,
312 3111 454 3180 alterum
483 3136 643 3196 mensem,
665 3137 772 3206 prope
796 3138 922 3182 anuum
950 3113 1094 3209 denique
1118 3116 1209 3186 domi
1233 3134 1298 3187 tuae

193 3264 343 3307 Vestitum:
361 3259 381 3304 fl
397 3257 496 3303 horreris
507 3273 558 3303 cum
571 3266 640 3318 tot;p
651 3256 759 3304 horrebas
772 3259 807 3303 his
817 3275 867 3303 eum
881 3268 927 3314 tnt;
944 3262 1036 3320 haffu
1047 3260 1083 3305 his
1093 3276 1143 3306 eum
1153 3279 1160 3316 ς
1172 3261 1298 3319 Eberhard,

161 3333 194 3378 al.
208 3331 322 3376 horrueris
333 3329 369 3375 hie
380 3345 441 3375 eum.
458 3355 488 3363 -
502 3334 539 3374 75.
553 3328 575 3376 Ii
593 3328 636 3373 tibi
654 3330 697 3383 aa.
710 3332 785 3389 plag.
794 3336 822 3374 tt
834 3346 878 3376 om.
890 3331 940 3375 tihi.
949 3355 980 3365 —
989 3334 1098 3392 [rupto
1112 3345 1118 3377 :
1133 3343 1191 3378 esset
1206 3333 1243 3378 hic
1258 3335 1300 3380 de·

163 3394 237 3440 tensio
251 3397 315 3441 nulls
331 3407 380 3452 rst;
397 3398 416 3444 It
433 3413 477 3446 rur.
491 3398 552 3443 -n
568 3410 661 3458 semper
673 3395 787 3444 homiues.
798 3424 829 3435 -
842 3398 912 3446 aad
927 3400 964 3445 siti
976 3400 1042 3447 iihrd.

193 3548 221 3593 Sr‘
230 3546 354 3592 haberes...
369 3556 452 3591 tamea.
469 3548 576 3607 .:qn:rud
589 3557 613 3592 tu
624 3547 703 3596 aurais
792 3552 834 3597 uio
847 3567 870 3597 se
886 3566 994 3615 rapporte
1006 3558 1019 3601 i
1030 3556 1051 3602 la
1064 3557 1171 3605 situation
1185 3565 1297 3621 presente.

161 3636 190 3665 eu
211 3617 249 3679 (ei.
269 3624 306 3672 tss,
322 3619 442 3678 Fecerant)
457 3618 498 3661 des
514 3618 626 3674 canentis,
649 3619 660 3661 ir
681 3619 702 3665 Ia
754 3620 826 3666 rr'elle
843 3625 874 3668 oh
891 3639 914 3669 se
935 3635 1015 3673 trouve
1034 3627 1202 3690 Verrirellto,
1217 3649 1244 3678 au
1262 3650 1300 3681 eas

163 3688 263 3734 muniere
276 3687 333 3732 daut
342 3698 367 3734 tu
380 3688 439 3733 aruis
448 3687 506 3733 recu
514 3689 633 3749 jusque-lii
645 3689 703 3752 paci
756 3703 873 3751 parcerent
887 3696 990 3756 suppure',
1010 3699 1080 3751 done.
1095 3715 1123 3745 en
1144 3701 1192 3756 hit,
1209 3703 1300 3765 e'iaigae'

161 3761 198 3805 dit
209 3759 399 3820 ironiquement),
413 3769 437 3804 tu
447 3758 494 3803 n’as
506 3775 548 3820 pus
560 3759 634 3804 eraiut
646 3758 705 3805 viri·
754 3763 825 3821 qu'on
840 3763 871 3808 hri
887 3781 983 3827 oppose.
1000 3768 1034 3817 Cf.
1054 3775 1097 3816 tta
1111 3789 1117 3816 z
1134 3782 1211 3822 tum...
1230 3791 1298 3823 auae.

163 3831 291 3875 tabiement
303 3830 378 3875 d'etre
393 3828 478 3890 exposci
496 3832 508 3874 ir
522 3845 552 3874 un
567 3830 657 3890 procis.
755 3833 811 3878 Voir
824 3835 923 3899 Madvig,
937 3845 980 3883 tas
994 3855 1009 3884 a
1018 3838 1069 3902 firi.

191 3901 228 3941 75.
247 3894 458 3954 Injwh'ciordrns
468 3897 488 3941 le
498 3901 603 3944 rouredo
613 3899 698 3959 praede.
787 3907 857 3963 Quem
874 3907 1008 3970 adfinem?
1027 3913 1118 3963 Dum...
1140 3930 1228 3960 comme
1242 3919 1296 3963 Act.

191 3967 277 4010 Coacta
290 3975 358 4024 atque
371 3965 517 4026 efflagitatu.
533 3971 575 4014 Ces
595 3984 660 4014 urrms
671 3985 700 4016 ne
752 3990 789 4035 pr.
803 3989 837 4037 rr,
857 3982 882 4022 tt
902 3996 907 4022 :
921 3994 992 4040 usque
1004 3982 1032 4025 sd
1044 3999 1095 4029 eum
1103 3985 1181 4046 finem
1198 3986 1282 4034 dum...

159 4035 362 4096 s'emploientqa‘ai
377 4035 479 4096 tantais,
489 4048 511 4081 et
521 4037 568 4082 i'on
582 4039 700 4100 n’iudique
787 4051 824 4095 ta.
843 4048 981 4099 Privatus...
995 4068 1077 4100 reus...
1083 4070 1148 4115 pem
1161 4055 1296 4102 duraretur:

160 4121 204 4165 que
215 4114 249 4150 eet
261 4105 362 4162 exempie
373 4107 404 4150 du
416 4106 513 4153 dernier.
754 4116 808 4160 c'est
819 4117 839 4162 ia
851 4118 922 4180 figure
933 4121 1076 4183 appeie'epar
1087 4125 1215 4169 lesancieas
1224 4127 1297 4172 irrere-

190 4179 285 4236 Igaotor
298 4210 314 4223 ..
327 4186 392 4219 notar
409 4192 461 4220 avec
480 4176 500 4221 le
518 4193 568 4223 sens
586 4179 641 4226 actii
651 4196 657 4227 ε
670 4181 699 4226 de
754 4196 861 4242 arearum,
870 4190 926 4234 eheu
937 4205 994 4236 arnus
1005 4193 1137 4251 gradarios.

159 4248 304 4319 Πὶὲῐΰθμΰς
326 4248 401 4305 Epist.
423 4249 499 4300 Fam..
514 4249 545 4309 v,
563 4264 608 4310 xli,
624 4256 636 4295 7
650 4253 697 4306 t'lt.;
788 4257 1010 4313 (sumthadlermnm
1021 4279 1091 4324 pmpe
1100 4279 1195 4310 annum·
1207 4266 1242 4313 Cf·
1256 4268 1298 4322 lv.

160 4319 297 4374 tertianis
309 4319 328 4362 tt
341 4350 347 4367 ,
362 4333 366 4359 :
382 4332 410 4361 ne
426 4317 461 4360 eui
475 4334 598 4379 cognoscar
607 4331 667 4368 uota.
755 4334 784 4371 uu
795 4326 828 4376 ἰη,

190 4388 253 4446 Qun!
274 4387 365 4430 intersit
379 4399 482 4433 atrrurt...
499 4400 505 4433 :
521 4391 624 4436 corrrhieu
639 4390 660 4436 la
670 4392 700 4438 ei·
787 4398 856 4459 Prope
869 4417 983 4448 arumna„¹
995 4401 1055 4446 danii
1070 4413 1141 4452 moem
1153 4422 1168 4450 a
1179 4424 1222 4467 quo
1239 4419 1297 4453 gem.

158 4468 246 4502 tnatrou
262 4458 335 4516 paruit
351 4458 470 4501 ditie'reute
490 4463 580 4506 sru'vaut
606 4478 650 4524 que
676 4473 699 4510 tu
752 4470 882 4529 ,europei
895 4480 956 4516 sunt,
977 4473 1006 4517 La
1020 4473 1080 4531 prin·
1098 4476 1129 4518 du
1145 4477 1242 4522 mim„
1259 4491 1295 4524 ω,

159 4526 518 4589 ⁸d⁰1¹1³i⁵s¹¹¹¹⁰¹¹''namt-*fii-
753 4537 796 4581 heu
821 4538 1053 4587 rraisemhlahtemeut
1076 4544 1131 4590 dant
1151 4547 1172 4591 la
1195 4549 1299 4595 domii-re
