3150 5378
495 452 551 507 na
579 450 734 518 sionis,
761 447 797 531 aa
825 453 942 510 ra-m.
1227 445 1285 500 tra

153 580 388 677 magnitudine
405 594 483 650 aetas
502 595 604 675 atque
623 580 757 651 habitus
776 583 952 677 virginalis
971 608 979 649 ε
1002 581 1131 677 sagittae
1154 582 1287 678 pende-

154 697 234 766 bant
262 698 303 766 ab
332 721 476 782 umero;
504 696 639 764 sinistra
665 722 768 765 manu
798 697 966 766 retinebat
994 721 1137 784 arcum,
1169 698 1287 767 dextra

154 811 330 881 ardentem
348 810 457 880 facem
475 809 689 904 praeferebat.

202 931 264 1016 [75]
285 929 383 995 Hanc
402 950 481 994 cum
498 925 560 995 iste
580 950 755 994 sacrorum
774 927 927 996 omnium
943 943 977 998 et
993 929 1197 1023 religionum
1213 927 1288 997 hos·

155 1042 197 1110 tis
215 1040 401 1136 praedoque
423 1039 572 1125 vidisset,
595 1039 690 1135 quasi
707 1040 764 1110 illa
788 1041 858 1134 ipsa
881 1041 955 1112 face
981 1068 1161 1138 percussus
1188 1057 1286 1128 esset,

155 1155 200 1225 ita
219 1156 362 1251 ssagrare
383 1153 568 1248 cupiditate
587 1170 689 1249 atque
704 1156 849 1225 amentia
870 1158 982 1251 coepit.
1001 1161 1152 1253 Imperat
1170 1158 1289 1252 magis·

155 1274 309 1358 tratibus,
332 1288 371 1342 ut
387 1297 461 1342 eam
475 1272 704 1342 demoliantur
723 1287 757 1342 et
776 1273 838 1342 sibi
859 1274 957 1360 ‹lent3
980 1274 1065 1343 nihil
1085 1275 1148 1343 sibi
1163 1275 1292 1370 gratius

155 1388 303 1458 ostendit
317 1387 491 1456 futurum:
510 1387 557 1454 illi
574 1411 655 1456 vero
670 1387 786 1457 dicere
805 1387 868 1456 sibi
885 1387 918 1456 id
933 1387 1028 1457 nefas
1043 1412 1115 1457 esse
1134 1411 1287 1482 seseque,

157 1529 234 1573 cum
245 1528 373 1572 summa
385 1501 562 1596 religione,
576 1516 648 1570 tum
664 1525 795 1570 summo
810 1516 903 1571 metu
914 1502 1027 1597 legum
1039 1517 1072 1572 et
1082 1502 1290 1595 judiciorum

156 1618 278 1688 teneri.
300 1620 369 1687 Iste
389 1633 460 1688 tum
469 1630 587 1710 petere
601 1617 643 1684 ab
663 1615 739 1701 illis,
762 1630 834 1685 tum
846 1617 979 1702 minari,
997 1632 1070 1686 tum
1090 1642 1196 1712 spem,
1220 1631 1291 1686 tum

156 1748 284 1802 metum
295 1730 488 1820 ostendere.
503 1732 734 1825 Opponebant
744 1731 791 1798 illi
811 1756 937 1800 nomen
957 1731 1179 1801 interdumP.
1198 1730 1292 1800 Afri·

157 1847 250 1933 cani3
276 1845 395 1941 populi
424 1844 568 1913 Romani
597 1844 680 1913 illud
715 1869 787 1914 esse
813 1845 989 1932 dicebant,
1019 1845 1105 1915 nihil
1133 1846 1292 1915 scinco

158 1958 480 2055 potestatishabere,
499 1958 591 2052 quod
612 1957 798 2053 imperator
815 1959 1019 2028 clarissimus
1038 1962 1124 2029 urbe
1144 1959 1290 2029 hostium

158 2089 254 2168 capta
273 2086 531 2142 monumentum
551 2071 702 2140 victoriae
722 2072 838 2167 populi
861 2073 1004 2142 Romani
1024 2098 1095 2143 esse
1117 2074 1288 2142 voluisset.

158 2192 219 2277 [76]
238 2190 327 2257 Cum
346 2186 408 2255 iste
427 2186 535 2255 nihilo
551 2186 722 2255 remissius
740 2200 842 2280 atque
863 2187 963 2256 etiam
978 2188 1086 2256 multo
1105 2187 1293 2257 vehemen-

158 2302 223 2371 tius
249 2301 389 2371 instaret
416 2300 554 2383 cotidie,
577 2325 632 2369 res
651 2300 763 2395 agitur
781 2300 816 2368 in
835 2316 974 2370 senatu:
1002 2301 1224 2371 vehementer
1251 2302 1293 2370 ab

158 2417 314 2485 omnibus
339 2415 561 2500 reclamatur,
593 2415 706 2508 itaque
734 2414 791 2482 illo
821 2429 974 2508 tempore
1000 2439 1039 2483 ac
1065 2415 1176 2509 primo
1200 2415 1294 2484 istius

158 2530 306 2599 adventu
325 2542 546 2624 pernegatur.
567 2531 700 2612 Postea,
723 2528 891 2623 quidquid
908 2544 981 2598 crat
1002 2530 1116 2599 oneris
1131 2529 1165 2598 in
1184 2526 1294 2598 nautis

158 2645 413 2739 remigibusque
432 2642 619 2737 exigendis,
643 2643 678 2710 in
698 2641 870 2712 frumento
894 2643 1107 2737 imperando,
1135 2648 1294 2740 Segesta-

158 2759 210 2828 nis
227 2772 351 2852 praeter
365 2768 498 2827 ceteros
512 2756 720 2850 imponebat,
739 2757 913 2851 aliquanto
928 2758 1071 2852 amplius
1086 2784 1187 2853 quam
1204 2758 1294 2828 serre

158 2887 308 2968 possent.
340 2875 510 2942 Praeterea
540 2872 753 2967 magistratus
780 2897 899 2942 eorum
924 2875 1098 2960 evocabat,
1128 2875 1292 2968 optimum

189 3150 326 3194 vanuum
339 3163 345 3191 ε
361 3152 400 3192 75.
415 3113 542 3207 ltssptag.
559 3152 588 3191 29
603 3144 642 3192 illa
655 3145 704 3207 ipsa
717 3145 767 3193 face
778 3163 785 3203 ς
798 3146 874 3212 pipat
887 3147 926 3194 illa
938 3164 945 3205 ;
958 3147 1010 3193 edd.
1026 3149 1077 3209 ipae
1091 3148 1166 3194 illaou
1179 3148 1220 3194 illa
1234 3148 1285 3210 ipsa

158 3242 190 3254 ·-
198 3235 217 3280 p
228 3220 289 3279 Lag.
305 3221 334 3260 att
350 3214 395 3261 iate
404 3224 454 3260 tum
465 3232 473 3272 ς
484 3217 506 3263 ll
517 3230 657 3280 cums-pp
666 3216 753 3262 donam
767 3216 896 3278 populi·
905 3224 943 3264 77.
958 3217 1124 3278 Ιίιὶίῳιιηάο.

158 3432 210 3476 Sat.
224 3429 245 3484 1,
256 3441 284 3483 u,
297 3424 347 3490 28).
358 3425 434 3473 Diana
443 3435 480 3473 est
493 3426 516 3472 tt
526 3424 595 3472 vdtuc
606 3424 699 3486 d'aprda
785 3433 824 3474 tt.
840 3430 872 3474 In
880 3437 962 3473 senatu
971 3448 980 3474 .·
989 3426 1018 3474 ila
1028 3428 1144 3475 n'mient
1154 3443 1197 3490 pas
1206 3444 1247 3474 ern
1256 3430 1295 3476 de·

159 3498 257 3544 l’ancien
266 3498 336 3558 style,
352 3497 428 3542 tundis
440 3497 530 3559 quoles
542 3496 635 3542 artistea
647 3497 699 3556 plut
753 3496 804 3544 voir
819 3499 842 3544 le
860 3511 994 3560 consequen
1009 3497 1051 3545 dha
1071 3514 1113 3545 aon
1132 3499 1237 3560 premier
1253 3515 1295 3546 or·

159 3568 250 3614 ricents
266 3568 299 3614 lui
318 3567 425 3613 laisaient
438 3577 523 3628 parter
537 3582 568 3612 un
583 3566 702 3613 vitemcnt
756 3568 807 3614 dre.

160 3648 225 3684 court
234 3653 264 3683 ou
278 3636 364 3684 aeleri.
785 3638 955 3687 ttcctamaeun:
967 3639 997 3686 de
1008 3639 1086 3688 mimo
1098 3647 1136 3688 st.

194 3708 277 3752 Facem
291 3699 501 3762 :Saglio,Dict.ll,
516 3715 539 3760 p.
555 3705 607 3746 tat.
620 3698 690 3746 ctte
785 3704 863 3750 Primo
884 3703 955 3749 istim
973 3703 1072 3749 adventu
1094 3720 1126 3745 =
1148 3717 1199 3748 cum
1220 3719 1251 3748 ou
1270 3712 1297 3748 ut

164 3788 224 3823 mma
243 3773 379 3820 ‹l'Alemkon
399 3771 500 3827 furiem,
520 3771 595 3818 Acad.
612 3786 650 3831 pr.
670 3771 702 3826 ll,
750 3774 853 3834 primam
868 3773 911 3821 iate
925 3773 1018 3820 advenit
1038 3791 1044 3820 a
1065 3775 1096 3820 de
1111 3773 1195 3828 antae,
1214 3780 1243 3820 85
1260 3774 1293 3820 tia.

163 3849 251 3911 sustu:
268 3843 431 3904 Dianasacem
441 3843 499 3902 jacit
515 3859 528 3888 ι
542 3842 608 3887 luva·
785 3849 943 3908 Perrugntur,
959 3846 1032 3901 ,verbe
1055 3845 1112 3892 d'un
1129 3847 1217 3907 emploi
1234 3861 1297 3893 astet

192 3924 230 3964 ts.
248 3915 350 3977 Quasi...
368 3914 402 3959 ita
417 3932 423 3959 ε
438 3912 471 3960 cl.
490 3919 520 3959 49
541 3931 546 3960 :
565 3913 628 3962 ita...
646 3923 700 3958 tan·
756 3933 816 3963 rare.

160 4006 268 4051 quanm,
283 3988 346 4035 ita...
359 3984 468 4048 quasi...
785 3986 920 4035 Naratis...:
940 3985 1046 4048 Sigata,
1060 4002 1151 4034 comme
1168 3987 1202 4032 lea
1218 3997 1296 4033 autres

191 4055 410 4121 lllngistratibuszai
419 4057 462 4101 l'ex
466 4053 573 4117 pressino
579 4064 614 4100 eat
621 4064 701 4101 exacte
755 4056 857 4103 civitates
869 4056 956 4113 libera,
969 4056 1102 4102 soumissait
1119 4071 1150 4100 un
1161 4055 1296 4116 confingent

160 4144 185 4180 et
204 4132 240 4177 a‘il
255 4130 320 4192 n'ya
339 4145 381 4190 pas
400 4127 429 4174 ici
445 4144 476 4173 un
491 4126 577 4187 pluriel
596 4127 701 4172 oratoirc
755 4131 767 4173 ἰ
784 4129 806 4174 la
819 4127 894 4174 dotto.

160 4202 199 4266 (cl.
209 4209 237 4250 ³7
252 4219 257 4246 ε
267 4201 378 4263 papillis,
389 4210 412 4245 et
423 4207 451 4246 77
464 4214 470 4243 :
481 4197 552 4261 deos),
564 4212 595 4243 on
605 4213 633 4243 en
643 4214 699 4243 con·
785 4202 910 4246 frtatrtcnto
922 4195 1055 4259 imperando
1065 4217 1073 4244 .·
1084 4199 1114 4244 cl.
1131 4204 1167 4243 20.

161 4275 222 4320 tlara
240 4274 295 4335 qu‘il
308 4289 323 4334 y
337 4272 400 4317 avait
413 4273 425 4317 ἦ
443 4268 536 4332 Segeste
551 4285 598 4314 non
613 4285 655 4330 pat
669 4285 700 4314 an
784 4268 914 4331 Aliquanto
925 4267 1026 4329 amplius
1037 4282 1134 4330 qamm...
1142 4274 1235 4328 possent
1248 4285 1255 4311 .·
1266 4264 1296 4312 de

160 4339 283 4407 proagorns
292 4345 407 4389 commc'a
421 4345 510 4389 Catane
526 4341 566 4402 (50
579 4338 633 4403 irc),
642 4340 701 4386 runis
755 4338 841 4394 meme,
856 4345 885 4384 20
892 4339 943 4400 fin.

160 4417 276 4478 plusieurs
294 4414 436 4486 magistrats.
784 4408 907 4464 avocabat,
924 4423 968 4468 par
986 4417 1037 4454 oete
1051 4406 1187 4462 d’autorite,
1205 4420 1296 4453 comare

189 4491 302 4536 Petere...
315 4484 403 4531 inimi
416 4502 422 4530 ε
436 4498 530 4530 comme
545 4483 562 4528 il
575 4481 637 4528 avait
655 4477 699 4528 tait
753 4493 790 4525 aet
801 4477 959 4524 aubordonns'ea
969 4475 1008 4540 (de
1020 4477 1100 4522 meme
1115 4477 1147 4533 ll,
1162 4482 1204 4522 tot
1217 4475 1261 4530 ias..
1271 4487 1297 4524 ot

158 4575 214 4606 avec
226 4557 362 4614 Antiochus,
381 4555 466 4619 tosta.
523 4622 526 4628 ἱ
755 4548 800 4596 111.
811 4563 902 4596 xxvru.
918 4545 965 4600 eal.
