3150 5378
507 495 561 549 nn
594 493 750 563 stolus,
778 490 814 574 ἕρ
844 497 993 553 ιιι-ιιι.
1263 501 1321 555 saa

183 623 420 708 conveniebat,
451 623 482 692 ei
516 624 659 692 deorum
695 623 844 696 honores
879 624 1010 710 haberi,
1049 624 1107 720 qui
1142 626 1322 696 simulacra

182 738 327 808 deorum
345 738 546 807 abstulisset.
565 739 676 807 Etiam
694 737 835 809 hercule
852 740 936 808 illud
956 740 991 808 in
1010 741 1230 835 Syracusanis
1246 767 1323 810 ine-

183 851 249 920 rito
280 852 606 946 reprehenderetur,
633 853 673 937 si,
701 877 780 921 cum
812 853 903 923 diem
937 853 1060 923 festum
1089 855 1251 923 ludorum
1278 856 1322 924 de

183 965 275 1034 lastis
294 967 363 1035 suis
382 966 593 1035 sustulissent
612 967 874 1040 celeberrimum
894 982 928 1037 et
946 968 1207 1055 sanctissimum,
1229 970 1322 1064 quod

183 1105 225 1149 eo
242 1080 316 1174 ipso
335 1080 391 1149 die
406 1083 581 1175 Syracusae
600 1106 619 1149 a
635 1082 801 1150 Marcello
819 1096 926 1176 captoe
943 1107 1016 1153 esse
1036 1083 1209 1170 dicuntur,
1231 1083 1322 1153 idem

183 1194 275 1264 diem
303 1193 426 1264 festum
450 1194 570 1264 Verris
593 1194 732 1264 nomine
758 1210 911 1290 agerent,
937 1220 1015 1264 cum
1043 1195 1104 1265 iste
1130 1222 1148 1265 a
1173 1199 1323 1291 Syracu-

184 1310 284 1394 sanis,
314 1334 390 1403 quae
416 1309 472 1378 ille
502 1308 717 1377 calamitosus
742 1308 814 1379 dies
841 1309 1039 1404 reliquerat,
1067 1311 1259 1380 ademisset.
1280 1315 1323 1380 At

183 1423 296 1493 videte
324 1422 471 1491 hominis
496 1421 742 1517 impudentiam
764 1437 865 1518 atque
889 1424 1137 1519 adrogantiam,
1156 1425 1318 1518 judices:

184 1538 242 1632 qui
267 1563 339 1607 non
361 1539 471 1606 solum
490 1537 614 1607 Verria
639 1537 712 1606 haec
732 1538 846 1632 turpia
869 1562 909 1607 ac
937 1539 1080 1608 ridicula
1107 1565 1148 1609 ex
1172 1540 1321 1610 Heraclii

184 1652 330 1747 pecunia
347 1652 573 1736 constituerit,
590 1677 710 1720 verum
728 1652 829 1721 etiam
846 1653 1023 1722 Marcellia
1038 1654 1112 1723 tolli
1130 1654 1318 1748 imperarit,

184 1781 221 1836 ut
240 1767 271 1837 ei
292 1792 388 1835 sacra
406 1765 560 1836 facerent
582 1767 776 1860 quotannis,
797 1768 894 1860 cujus
912 1792 1018 1862 opera
1039 1767 1192 1836 omnium
1212 1794 1323 1838 anno-

185 1907 260 1950 rum
282 1906 377 1950 saera
397 1880 549 1975 deosque
573 1880 700 1974 patrios
726 1881 927 1968 arniserant3
952 1883 1024 1975 ejus
1050 1896 1164 1952 autem
1187 1882 1322 1951 familiae

184 1996 256 2064 dies
280 1995 384 2064 festos
407 1996 578 2080 tollerent,
601 2019 664 2089 per
687 2020 789 2090 quam
813 2009 946 2065 ceteros
969 2021 1108 2091 quoque
1127 1997 1230 2066 festos
1249 1997 1322 2067 dies
1389 2066 1400 2086 .

185 2124 441 2204 recuperarunt.

214 2314 355 2357 Venimus
368 2328 374 2355 ε
381 2327 416 2375 pp
426 2310 504 2356 Etiam
520 2310 664 2356 mehercule.
681 2337 712 2347 -
721 2313 757 2372 llp
768 2313 830 2372 Lag.
846 2318 876 2357 29
893 2311 956 2357 idem
968 2311 1044 2367 diemr
1054 2311 1107 2356 edd.
1119 2310 1190 2357 iidem
1206 2311 1277 2357 diem.
1289 2335 1323 2350 -

185 2382 362 2429 Deraiersnwts
376 2381 404 2425 de
420 2382 442 2428 R
459 2397 508 2442 quer
521 2381 561 2426 ille
575 2381 711 2426 calamitoso
728 2382 787 2427 dies.
799 2384 845 2427 Pas
858 2383 887 2426 de
897 2381 1038 2443 suscription
1054 2382 1108 2444 :stu
1121 2383 1177 2426 d'em
1187 2382 1320 2442 quaternio.

184 2470 240 2513 -p
251 2454 312 2512 Lag.
335 2457 365 2495 2⁹
383 2451 523 2511 reliquerat,
534 2469 549 2514 φ
562 2450 692 2513 reliquerit.
705 2475 738 2486 -·
745 2469 779 2515 pq
789 2452 913 2507 atridete3
934 2449 965 2497 6³
975 2452 1028 2498 edd.
1044 2467 1078 2497 ac.
1091 2469 1145 2514 -p
1160 2454 1221 2513 Lag.
1234 2459 1263 2497 29
1276 2453 1321 2497 line

185 2521 290 2568 ridicula.
300 2525 402 2585 -Jeep,
417 2522 468 2566 edd.
477 2522 542 2581 eujus
551 2537 623 2582 opere
632 2522 709 2567 omnia
722 2525 837 2583 majorum
849 2537 924 2568 secra.

214 2682 283 2730 Diem
289 2682 383 2743 serrum
394 2702 402 2727 .·
414 2681 449 2726 les
465 2680 603 2727 Marcellia.
812 2681 875 2728 Tolli
882 2681 1004 2744 amperarr't
1016 2702 1024 2728 .·
1036 2682 1086 2728 voir
1098 2684 1129 2739 V,
1143 2681 1227 2742 flsfin.

216 2753 283 2799 Diem
291 2754 384 2814 j'estam
396 2752 513 2807 ludorum,
524 2767 614 2798 comme
624 2755 672 2799 Pro
680 2755 728 2799 Art·
811 2751 919 2799 Omat'um
926 2768 1158 2813 annorum,paropp.
1165 2755 1177 2797 'a
1185 2752 1322 2815 quotannis.-

185 2823 246 2880 clu'a,
258 2838 294 2880 vr,
308 2829 336 2868 ta
350 2839 356 2868 ε
366 2824 421 2883 jour
432 2823 461 2866 de
469 2821 517 2868 lete
531 2822 624 2868 celebre'
635 2838 678 2883 par
686 2823 727 2869 dee
780 2823 810 2868 de
822 2832 899 2868 tontes
912 2824 946 2868 les
957 2823 1042 2869 annees
1056 2822 1097 2885 qni
1109 2823 1200 2868 avaient
1210 2823 1319 2883 precede.

183 2896 248 2954 jeax.
811 2895 902 2940 Ceteros
911 2910 1044 2954 qtaoqae...:
1055 2894 1085 2939 de
1100 2895 1176 2939 meme
1193 2896 1225 2947 ll,
1237 2900 1261 2938 at
1269 2893 1320 2952 fia.

216 2962 405 3019 Celeberrimtan,
418 2964 449 3008 oli
462 2963 485 3008 le
499 2963 586 3025 peuple
600 2963 726 3009 aeeonrait.
814 2961 985 3023 Recuperamat
1000 2962 1037 3005 On
1045 2971 1101 3020 pern
1110 2961 1263 3021 comprendi-e
1272 2975 1319 3022 que

185 3035 243 3080 Voir
259 3036 395 3093 xuvursln,
410 3039 419 3077 t
424 3040 462 3079 07.
777 3031 931 3079 l’aeeusatear
940 3032 969 3076 de
982 3031 1076 3086 verres,
1088 3032 1196 3085 Cicer-on,
1209 3033 1265 3076 n'uit
1278 3048 1319 3091 pas

216 3105 303 3165 Quod.-
319 3104 399 3149 e'etait
415 3104 437 3149 le
457 3103 565 3164 pretexte
588 3101 664 3150 donula
684 3119 729 3164 par
778 3118 819 3150 ern
831 3100 911 3148 devoir
929 3103 1045 3161 ajouterl
1062 3119 1088 3146 ee
1106 3104 1217 3154 discours,
1230 3102 1270 3161 qui
1283 3112 1319 3147 est

185 3176 219 3220 les
231 3175 346 3236 pertisum
358 3176 388 3218 de
404 3174 489 3219 Verres
502 3190 563 3233 pour
578 3189 692 3235 proposes
705 3173 727 3218 le
779 3174 803 3221 le
817 3173 967 3233 penaltieme,
981 3187 1025 3217 nae
1040 3173 1153 3218 veritable
1175 3173 1317 3231 peroraiwn.

186 3245 335 3306 suppression
351 3245 393 3290 des
413 3244 541 3290 Marcellia
560 3255 585 3291 et
601 3245 652 3289 leur
662 3259 728 3290 rern-
779 3244 839 3292 Mais
846 3253 963 3288 eorumeut
971 3243 1022 3287 nier
1030 3257 1077 3301 que
1086 3259 1112 3288 ee
1121 3244 1177 3288 livre
1187 3245 1225 3287 lini
1229 3254 1237 3289 t
1247 3243 1319 3290 d'une

186 3316 319 3376 plneement
333 3331 375 3377 par
389 3316 431 3361 des
442 3317 534 3361 Verrt'a.
779 3312 884 3360 muniere
896 3313 949 3358 bien
965 3314 1076 3373 bruaque,
1089 3323 1113 3357 et
1126 3312 1197 3358 toute
1209 3312 1253 3358 fair
1264 3329 1320 3358 con-

217 3387 311 3445 and...
326 3385 728 3447 caproeessedieanear=quod...,
781 3381 853 3426 trnire
869 3396 914 3426 eux
930 3379 1054 3425 habitades
1078 3380 1109 3425 de
1127 3378 1243 3425 Ciceros?
1264 3378 1321 3424 J'ae·

187 3466 213 3502 ut
226 3457 321 3511 dieitur,
332 3466 406 3515 capta
418 3466 479 3501 sunt.
780 3451 897 3497 corderais
914 3461 968 3496 tout
980 3465 1010 3495 aa
1028 3449 1102 3495 moins
1115 3465 1142 3494 ee
1156 3449 1226 3509 point
1241 3450 1254 3493 i
1269 3451 1320 3495 Rau

217 3529 269 3573 A...
284 3527 458 3572 .eonstrnetion
470 3525 608 3586 parallelei
627 3525 685 3570 eelle
697 3525 729 3570 du
779 3521 849 3583 (Ver.
863 3524 927 3567 Lect.
940 3520 973 3565 ad
985 3520 1035 3569 Cic.
1055 3520 1096 3565 Or.
1116 3520 1206 3580 Leyde,
1227 3524 1284 3565 tuat
1297 3528 1322 3564 et

186 3595 254 3653 dntil,
267 3597 325 3642 meis
347 3597 388 3642 des
401 3598 454 3656 plus
469 3612 532 3642 rores
549 3612 603 3642 aree
616 3596 728 3641 adimere.
783 3599 852 3648 1842,
867 3595 897 3648 ll,
919 3598 948 3637 27
959 3601 983 3637 et
995 3589 1073 3652 sain).
1086 3589 1139 3636 saul
1158 3593 1170 3635 a
1188 3591 1277 3649 reieter
1298 3589 1322 3634 le

186 3667 224 3714 Cl.
239 3682 312 3723 xm,
330 3674 376 3713 ⁶7:
396 3667 438 3712 aba
454 3682 478 3712 se
490 3666 615 3712 abstulisse
619 3687 630 3722 ‚·
645 3667 666 3722 1,
679 3673 707 3712 5⁹
721 3682 728 3712 ε
782 3674 843 3708 reste
857 3663 886 3708 de
898 3678 940 3709 son
952 3661 1094 3722 hypodia,
1104 3660 1198 3721 d'apres
1217 3658 1321 3721 laquelle

185 3737 216 3782 ab
229 3737 298 3782 sociis
310 3746 398 3798 erepla,
412 3747 457 3782 ete.
781 3735 803 3780 la
814 3734 846 3779 fin
861 3735 892 3780 de
908 3748 935 3779 ee
950 3733 1007 3779 livre
1025 3743 1050 3778 et
1061 3742 1128 3780 toute
1142 3735 1163 3779 le
1184 3730 1323 3793 peronia·

217 3806 332 3866 lleraclll,
344 3806 396 3854 roir
409 3813 460 3854 136.
782 3805 884 3851 seraient
892 3804 1003 3866 perdura.
