3150 5378
551 463 606 519 DE
634 460 790 529 SIGNIS,
819 456 855 540 ἓξ
883 461 1000 518 tte-tt.
1281 457 1337 514 tta

210 617 280 660 non
304 591 465 661 reddidit.
499 591 618 661 Voluit
651 595 766 662 Romae
797 607 954 687 repetere
982 588 1240 685 Archagathus:
1273 588 1338 662 Cn,

210 707 374 794 Lentulus
392 707 613 777 Marcellinus
630 706 798 793 dissuasit,
817 707 905 777 sicut
922 707 1032 802 ipsum
1052 705 1168 774 dicere
1187 700 1338 773 audistis.

211 819 327 889 Recita
344 818 551 916 Archagathi
569 836 602 890 et
621 819 759 890 Lentuli
780 821 1023 891 testimonium.

259 940 320 1024 [st]
340 937 396 1021 Et,
420 961 464 1005 ne
486 935 574 1006 sorte
598 935 771 1005 hominem
794 936 991 1007 existimetis
1014 935 1102 1006 hanc
1124 951 1251 1006 tantam
1274 933 1342 1002 vim

209 1051 447 1121 emblematum
468 1051 540 1121 sine
564 1074 665 1119 causa
684 1074 888 1120 coacervare
913 1050 1060 1119 voluisse
1079 1050 1204 1142 (videte
1225 1047 1341 1144 quanti

210 1190 281 1251 vos,
302 1166 420 1260 quanti
442 1163 724 1236 existimationem
744 1164 862 1259 populi
882 1165 1038 1251 Romani,
1061 1165 1178 1260 quanti
1197 1165 1289 1260 leges
1310 1177 1343 1232 et

206 1278 352 1372 judicia,
379 1279 496 1375 quanti
525 1279 632 1366 testis,
647 1277 797 1364 Siculos,
823 1278 1054 1374 negotiatores
1081 1277 1231 1371 fecerit),
1262 1302 1343 1372 pos-

209 1407 366 1488 teaquam
391 1407 517 1463 tantam
544 1392 797 1463 multitudinem
822 1393 1007 1488 collegerat
1038 1393 1278 1463 emblematum
1307 1405 1345 1460 ut

210 1533 252 1578 ne
280 1534 386 1577 unum
422 1507 561 1604 quidem
590 1508 749 1602 cuiquam
774 1506 977 1602 reliquisset,
1001 1507 1146 1577 instituit
1171 1507 1343 1577 officinam

210 1624 386 1716 Syracusis
412 1621 447 1691 in
469 1623 563 1718 regia
583 1622 775 1691 maximam.
799 1623 913 1691 Palam
937 1621 1084 1692 artifices
1104 1622 1226 1708 omnis,
1245 1621 1344 1692 caela-

180 1788 183 1793 ·
210 1751 302 1808 tores
320 1763 360 1807 ac
376 1736 595 1823 vascularios,
616 1736 798 1806 convocari
812 1738 922 1830 jubet,
944 1751 978 1806 et
997 1736 1069 1831 ipse
1088 1762 1167 1806 suos
1187 1737 1343 1830 complu-

210 1852 257 1921 ris
279 1850 445 1922 habebat:
473 1876 532 1922 eos
554 1851 741 1937 concludit,
766 1875 928 1947 magnam
952 1850 1133 1921 hominum
1156 1849 1344 1921 multitudi-

209 1991 300 2036 nem.
323 1967 452 2036 Mensis
472 1981 552 2037 octo
577 1965 758 2037 continuos
777 1965 830 2036 his
849 1991 935 2061 opus
956 1991 1027 2036 non
1044 1965 1164 2051 defuit,
1186 1992 1265 2035 cum
1286 1991 1344 2034 vas

210 2083 340 2152 nullum
360 2082 457 2153 fieret
473 2081 538 2152 nisi
558 2107 711 2153 aureum.
730 2084 819 2151 Tum
838 2082 907 2168 illa,
931 2107 972 2151 ex
988 2082 1120 2176 patellis
1138 2096 1172 2151 et
1186 2081 1344 2151 turibulis

210 2222 285 2291 quae
320 2197 497 2282 evellerat,
527 2196 573 2265 ita
603 2196 686 2265 scite
715 2195 751 2265 in
785 2195 897 2265 aureis
928 2195 1059 2290 poculis
1092 2194 1266 2290 inligabat,
1299 2194 1343 2263 ita

210 2325 287 2406 apte
319 2311 355 2381 in
389 2310 524 2406 scaphis
557 2311 669 2380 aureis
699 2308 910 2395 includebat,
938 2323 976 2397 ut
1007 2334 1046 2378 ea
1076 2308 1119 2378 ad
1151 2309 1243 2378 illam
1272 2334 1342 2379 rem

210 2440 287 2495 nata
316 2450 389 2496 esse
419 2425 573 2495 diceres:
599 2425 671 2520 ipsc
701 2439 816 2495 tamen
844 2439 983 2519 praetor,
1012 2424 1071 2519 qui
1104 2450 1163 2493 sua
1199 2424 1344 2519 vigilan-

211 2541 256 2610 tia
274 2566 393 2636 pacem
417 2539 454 2610 in
480 2539 593 2610 Sicilia
618 2539 702 2609 dicit
727 2539 844 2626 luisse,
867 2539 904 2609 in
923 2538 988 2608 hac
1014 2537 1153 2608 officina
1180 2539 1343 2634 majorem

240 2795 399 2841 Vennum:
418 2812 453 2858 pp
466 2804 549 2855 petere
569 2791 608 2856 (et.
625 2791 672 2856 ta).
687 2817 720 2829 -
733 2809 769 2859 pp
786 2793 882 2839 audistis
901 2803 950 2855 atq.
968 2793 1011 2839 hae
1029 2802 1080 2839 tota
1094 2792 1124 2839 de
1143 2806 1169 2838 rc
1184 2791 1280 2837 audiuit
1298 2793 1345 2838 Ar·

209 2863 320 2928 ehagsthi
344 2873 369 2911 et
391 2864 485 2911 lentuli
512 2863 680 2910 testimonium.
699 2887 730 2900 -
751 2869 789 2910 st.
808 2866 865 2925 Jeep
887 2863 986 2910 voluisse
1006 2862 1121 2927 (ridete...
1142 2861 1232 2924 iecerit)
1248 2872 1347 2923 postea-

210 2951 327 2997 quam...;
346 2934 377 2983 cs.
398 2941 427 2982 7³
442 2934 491 2990 io.,·
512 2934 565 2981 aad.
585 2935 694 2991 voluisse,
713 2932 821 2983 ridete...
842 2934 934 2981 iecerit.
961 2938 1156 2997 Posteaquam...
1171 2959 1204 2970 -
1223 2933 1254 2981 11¹
1278 2934 1344 2994 legis.

209 3031 240 3042 -
252 3007 310 3068 ΜΡ
324 3008 385 3067 Lag.
397 3011 426 3050 2⁹
440 3006 613 3069 negotiatores;
627 3005 707 3069 qedd.
719 3005 941 3069 negotiatoresque3
954 3005 1026 3052 Halm
1043 3003 1221 3068 [negotiatores]
1232 3020 1238 3060 ς
1254 3007 1347 3066 Kayser·

211 3072 324 3139 [testist
337 3072 521 3140 [negotiatoresl.
536 3101 569 3111 -
582 3077 603 3124 ll
614 3076 791 3135 Syracusanis...
809 3091 893 3139 magna
908 3076 1056 3122 hominem...
1070 3077 1193 3122 evelleret.
1208 3100 1240 3111 -
1254 3078 1345 3120 stersus

211 3146 249 3209 [ex
271 3146 365 3207 patellis
383 3155 409 3192 et
430 3145 557 3211 turibulis].
574 3169 607 3182 ·-·
627 3147 685 3209 REp
698 3148 760 3209 Lag.
780 3153 810 3192 20
824 3147 930 3207 scaphis5
949 3145 1088 3194 Guilielmus
1111 3146 1164 3191 edd.
1182 3146 1291 3206 scaphiis.
1315 3171 1346 3179 -

207 3233 224 3278 p
240 3219 301 3279 Lag.
313 3223 343 3262 20
357 3234 374 3282 p
388 3216 523 3263 includebat
527 3233 535 3275 ς
549 3218 592 3265 RE
605 3217 767 3263 concludebat.
779 3240 810 3252 ·-
823 3217 947 3264 Eberhard
959 3217 1010 3278 ipae
1020 3216 1116 3262 interim
1129 3226 1230 3277 praetor,
1245 3216 1345 3276 Madvig

210 3286 260 3348 ipae
274 3297 353 3334 summ
366 3298 462 3349 praetor.

240 3458 282 3504 Co.
295 3455 417 3513 uranius,
430 3457 551 3502 musuleo
565 3463 603 3502 tt.
616 3456 636 3502 11
649 3456 748 3502 deseen-

209 3527 259 3573 dait
269 3542 314 3588 per
328 3528 352 3574 le
360 3541 417 3589 sang
428 3527 469 3573 des
482 3527 607 3573 Marcellus
621 3524 751 3589 (Marcelli-

209 3595 270 3660 nus),
289 3607 313 3644 et
331 3597 349 3643 il
367 3596 451 3643 suirait
472 3597 495 3643 le
515 3597 629 3644 tradition
641 3597 672 3643 de
696 3596 748 3642 leur

209 3666 298 3713 famille
316 3665 356 3730 (ici
370 3665 409 3730 8⁹)
423 3682 453 3712 en
472 3681 497 3713 ss
512 3677 632 3713 montrant
652 3667 676 3713 le
689 3682 748 3712 eon-

209 3739 289 3785 seillee
304 3747 329 3784 et
342 3738 365 3784 le
376 3748 513 3798 protecteur
528 3739 569 3784 des
585 3738 691 3786 Siciliene
705 3736 747 3802 (ΙΙ,

211 3806 273 3871 tot).
295 3809 426 3869 sonpirc,
454 3824 485 3854 ou
506 3808 642 3867 lui-minae,
659 3808 748 3855 suivant

209 3880 321 3936 d'autres,
331 3878 389 3926 s'stait
400 3877 468 3926 entre's
477 3895 521 3940 par
530 3881 642 3940 adoption
655 3880 712 3926 dans
726 3880 747 3924 la

209 3948 298 3995 tantille
312 3950 354 3995 des
364 3950 483 3996 lentulus.

242 4025 279 4066 ts.
309 4019 487 4067 esurimus...
520 4019 717 4066 existimationem
740 4038 745 4067 ι

210 4104 271 4150 pour
300 4100 362 4136 cette
391 4091 519 4152 ripitition
542 4090 598 4136 d'un
623 4101 674 4138 mot
692 4092 748 4136 dana

209 4160 270 4206 deux
288 4176 341 4207 sens
360 4160 482 4207 diffitente
500 4159 632 4225 (traductio)
652 4161 702 4208 roir
719 4162 747 4218 V,

209 4244 246 4286 ur,
258 4231 317 4294 fio,
335 4230 430 4278 lauote
458 4246 497 4276 sur
517 4233 546 4277 Ira
568 4231 646 4276 sedern
676 4247 747 4278 causa

207 4301 268 4359 [rsit.

242 4371 328 4435 Populi
339 4371 439 4420 diamani
450 4371 641 4418 existimationem
655 4370 703 4418 rei.
718 4375 748 4430 V,

211 4449 241 4490 ³5
254 4442 288 4489 ira.

242 4513 325 4571 Testis,
342 4514 443 4572 Siculos,
458 4514 618 4576 negotiatores.
639 4515 750 4576 spetile

211 4599 266 4631 non
276 4585 316 4648 qui
329 4585 425 4648 indique
434 4587 457 4633 le
464 4600 536 4648 genre
547 4596 572 4632 et
584 4586 624 4646 qui
638 4587 726 4648 repond
737 4590 749 4632 t

804 3453 867 3514 leges
876 3451 999 3517 sejudicio
1009 3449 1103 3517 (testie),
1116 3449 1225 3499 rlenuent
1232 3453 1267 3499 les
1283 3453 1345 3499 deux

803 3523 898 3585 espiees
913 3539 920 3569 a
934 3524 968 3570 les
983 3523 1089 3570 Siciliens
1098 3532 1122 3569 et
1141 3523 1175 3569 les
1188 3523 1292 3581 citoycns
1305 3541 1345 3570 ro·

803 3595 877 3641 mains
896 3595 1034 3640 demenrant
1048 3609 1077 3640 en
1091 3593 1161 3641 Sieile
1171 3593 1209 3656 (el.
1226 3596 1256 3648 V,
1270 3593 1302 3657 8).

833 3665 924 3727 Regiae
937 3664 987 3711 vois·
1001 3670 1046 3710 418
1059 3663 1102 3722 ὧι,
1115 3673 1140 3710 et
1152 3665 1183 3721 V,
1199 3671 1228 3711 30
1245 3670 1278 3711 iss.

833 3736 932 3797 Scaphae
943 3734 984 3799 (=
993 3733 1117 3799 soapiit'e).·
1130 3735 1180 3782 roir
1196 3742 1224 3782 st
1230 3736 1280 3800 fin.

834 3809 972 3870 [putamen
988 3825 996 3853 .·
1010 3805 1079 3867 apris
1093 3807 1157 3853 avoir
1163 3807 1199 3853 dit
1209 3823 1236 3853 ce
1245 3808 1346 3870 quesci-

804 3876 915 3923 saitt‘aire
926 3878 950 3923 le
958 3876 1179 3938 priteur,Cicsiron.
1187 3889 1280 3938 possent
1291 3881 1346 3924 iscs

806 3959 868 3995 actes
875 3950 1019 4009 personnels,
1024 3948 1092 3994 luisse
1102 3949 1200 3994 d'abord
1207 3949 1283 3995 croire
1288 3951 1346 4010 qu'il

804 4035 831 4065 ra
843 4020 903 4066 citer
919 4020 960 4066 des
979 4028 1041 4065 actes
1054 4019 1144 4080 pnblics
1158 4017 1236 4081 (qui...
1246 4018 1345 4083 fuisse),

805 4100 829 4137 et
842 4091 858 4137 il
871 4106 992 4151 proroque
1005 4105 1036 4135 un
1052 4089 1179 4136 sentiment
1195 4090 1224 4135 de
1244 4090 1346 4149 surprise

805 4177 835 4207 en
848 4161 982 4207 continuant
996 4177 1001 4206 :
1017 4160 1042 4205 in
1055 4160 1137 4205 loc...
1154 4159 1222 4205 Telle
1238 4169 1274 4206 est
1287 4160 1345 4205 l'ex·

805 4231 915 4292 plication
935 4230 965 4275 de
988 4230 1111 4277 Schwabe.
1135 4230 1257 4276 hut-erre
1282 4232 1344 4277 est-il

805 4304 856 4364 plus
869 4301 951 4362 simple
965 4301 995 4347 de
1011 4301 1061 4346 roir
1080 4301 1171 4346 ieiune
1186 4301 1344 4349 construction

806 4373 940 4434 irriguliere
954 4389 960 4417 ι
973 4372 995 4416 lr.
1006 4372 1065 4416 suite
1077 4371 1192 4417 naturelle
1205 4372 1279 4417 sursit
1290 4372 1343 4420 eti:

804 4445 845 4506 qui
858 4443 945 4489 dicit...
949 4443 1039 4504 sitisse,
1055 4441 1103 4502 ipss
1119 4452 1194 4486 tomen
1205 4440 1343 4505 (contraire.

805 4526 869 4561 ment
882 4518 946 4561 'ason
956 4512 1016 4575 dire)
1027 4513 1052 4558 in
1068 4513 1151 4560 luo...

835 4585 883 4647 Qui
888 4600 931 4631 su
941 4581 1092 4645 vigilantia..-
1104 4585 1171 4632 :vois
1182 4588 1212 4646 V,
1226 4595 1236 4635 l
1253 4599 1278 4637 et
1287 4592 1343 4641 suiv.
