3150 5378
401 510 405 525 .
468 467 521 521 nn
546 464 798 539 summus,
820 463 856 539 ap
879 465 988 522 as-tt.
1239 455 1292 511 aot

164 605 265 673 modo
283 599 409 669 nullam
430 598 492 667 tibi
513 595 753 685 defensionem,
771 595 829 665 sed
855 594 1031 665 maximam
1054 597 1122 666 vim
1145 595 1294 671 criminis

163 732 325 787 exortam.

211 833 282 904 Nisi
314 831 402 900 forte
424 827 529 898 Italici
561 826 780 923 fugitivorum
799 828 874 897 belli
907 827 1061 922 reliquias
1090 842 1191 922 atque
1210 828 1294 898 illud

164 951 388 1043 Tempsanum
414 943 664 1013 incommodum
687 943 858 1039 proferes,
885 943 928 1011 ad
955 943 1046 1037 quod
1075 968 1189 1012 recens
1218 969 1294 1015 cum

164 1078 204 1132 te
221 1074 478 1156 peropportune
496 1059 632 1128 fortuna
652 1056 818 1127 attulisset
836 1057 962 1152 siquid
987 1057 1020 1125 in
1038 1073 1071 1126 te
1087 1058 1219 1128 virtutis
1237 1076 1295 1128 aut

164 1176 337 1247 industriae
363 1173 546 1264 habuisses,
571 1171 661 1242 idem
686 1173 743 1266 qui
769 1197 900 1267 semper
923 1173 1033 1240 fueras
1059 1173 1214 1242 inventus
1246 1200 1314 1245 es.-

97 1316 100 1323 '
164 1294 260 1362 xvl.
285 1299 348 1375 [40]
373 1293 458 1359 Cum
483 1287 525 1374 ad
550 1302 582 1356 te
601 1287 769 1356 Valentini
798 1287 965 1356 venissent
993 1303 1026 1356 et
1050 1311 1113 1380 pro
1142 1288 1168 1357 is
1191 1290 1295 1358 homo

164 1407 308 1476 disertus
323 1429 361 1473 ac
381 1403 513 1489 nobilis,
533 1403 578 1472 Μ.
600 1403 741 1491 Marius,
762 1400 957 1496 loqueretur
975 1415 1013 1470 ut
1035 1404 1204 1496 negotium
1227 1430 1296 1472 sus·

164 1525 306 1619 cae'peres,
326 1534 375 1606 ut,
391 1542 469 1587 cum
482 1541 583 1612 penes
595 1532 628 1585 te
646 1517 840 1611 praetorium
864 1513 1148 1614 (imperiumne)
1172 1543 1295 1587 nomen

164 1649 262 1719 esset,
289 1632 330 1700 ad
362 1631 451 1699 illam
482 1655 620 1724 parvam
646 1656 782 1699 manum
815 1631 1093 1725 exstinguendam
1119 1633 1237 1702 ducem
1266 1650 1297 1702 tc

165 1748 419 1846 principemque
439 1742 617 1839 praeb'eres,
640 1771 708 1814 non
726 1747 828 1814 modo
853 1747 886 1814 id
903 1747 1067 1842 refugisti,
1080 1748 1149 1817 'sed
1168 1776 1208 1818 eo
1224 1750 1296 1845 ipso

166 1860 329 1957 tempore,
341 1885 417 1929 cum
432 1884 516 1928 esses
534 1860 568 1928 in
584 1860 710 1948 littore,
724 1861 836 1929 Tertia
851 1861 906 1930 illa
925 1877 995 1947 tua,
1012 1888 1112 1957 quam
1131 1879 1167 1933 tu
1187 1880 1296 1959 tecum

165 1978 372 2071 deportaras,
389 1989 462 2043 erat
477 1973 511 2042 iu
529 1974 681 2043 omnium
699 1990 907 2070 conspectn;
930 1976 1007 2071 ipsis
1024 1992 1135 2046 autem
1150 1980 1298 2049 Valenti·

165 2092 229 2178 nis,
243 2115 284 2159 ex
297 2105 364 2158 tam
382 2087 514 2157 inlustri
533 2089 706 2183 nobilique
723 2090 918 2184 municipio,
940 2092 1039 2160 tantis
1056 2091 1098 2161 de
1113 2094 1213 2188 rebus
1228 2118 1296 2164 res,

166 2229 308 2300 ponsum
325 2202 446 2271 dedisti
467 2226 542 2271 cum
562 2227 647 2274 esses
664 2228 740 2272 cum
760 2204 870 2273 tunica
892 2204 982 2299 pulla
1010 2220 1044 2274 et
1066 2205 1179 2300 pallio.
1206 2207 1297 2294 Quid

165 2323 256 2391 hunc
267 2318 640 2415 proficiscentem,qnid
652 2319 686 2387 in
697 2320 951 2415 ipsaprovincia
963 2321 1077 2390 fecisse
1088 2323 1295 2410 existimatis,

165 2438 224 2533 qui
235 2460 311 2505 cum
321 2434 391 2527 jam
402 2433 624 2529 exprovincia
641 2458 710 2502 non
724 2434 766 2501 ad
778 2435 1001 2531 triumphum,
1012 2435 1068 2504 sed
1082 2434 1123 2504 ad
1131 2436 1297 2529 judicium

166 2548 355 2633 decederet,
386 2545 544 2616 ncillam
570 2545 705 2640 quidem
733 2547 905 2616 infamiam
933 2549 1069 2642 fugerit,
1088 2559 1208 2644 'quam'
1228 2551 1299 2620 sine

167 2666 233 2734 ulla
266 2664 437 2758 voluptate
466 2660 646 2756 capiebat?
669 2670 732 2746 [tt]
758 2661 922 2733 Odivina
949 2679 1082 2732 senatus
1114 2665 1299 2759 frequentis

169 2779 204 2849 in
232 2777 302 2846 aede
331 2775 475 2846 Bellonae
495 2771 779 2844 admurmuratio!
808 2777 971 2846 Memoria
999 2779 1129 2868 tenetis,
1153 2779 1295 2874 judices,

196 2966 331 3011 Vtmsms
347 2963 388 3010 :ll
403 2960 519 3018 criminin
528 2979 546 3024 p
556 2960 686 3011 nimiunn.
703 2961 796 3012 Richter
812 2959 991 3030 [fugitivoruml.
1006 2966 1036 3014 el.
1051 2972 1087 3014 rt.
1103 2968 1166 3014 -n
1185 2938 1298 3014 temsnnm

167 3036 231 3098 (mais
248 3035 279 3081 ef.
293 3034 377 3096 tt)·,p
395 3043 547 3094 tempsanum.
562 3059 595 3070 -
615 3039 653 3081 ⁴0.
670 3033 692 3080 R
710 3042 873 3094 quereretur...
890 3038 1023 3098 susceperis.
1040 3064 1072 3074 -
1087 3054 1122 3102 pp
1137 3038 1257 3100 imperium
1273 3055 1300 3085 ee

163 3120 260 3162 nomena
275 3104 295 3151 fl
308 3103 438 3166 praetorium
454 3117 546 3148 nomen.
565 3125 596 3139 -
613 3102 832 3165 Restinpendam...
845 3104 1029 3168 rebussponsnsn.

193 3285 323 3330 Maximam
336 3281 381 3327 vim
391 3279 503 3333 criminis.
516 3293 604 3325 eorum
617 3280 700 3326 crimen
793 3281 946 3341 Deportarns,·
958 3269 1008 3326 soit·
1021 3287 1046 3328 st
1059 3281 1104 3342 fin.

163 3354 301 3398 vimaxima.
797 3354 854 3398 Cam
873 3350 981 3399 eunica...
1001 3353 1057 3397 Cum
1078 3368 1131 3397 aree
1151 3368 1181 3396 un
1198 3368 1252 3398 nous
1271 3353 1301 3398 de

194 3425 245 3471 ll't'si
265 3424 333 3484 sorte
356 3441 365 3468 .·
388 3430 447 3467 cette
466 3419 538 3467 forme
562 3419 703 3482 d’orctspatio
759 3425 878 3474 serenent.
895 3420 1006 3482 Madvig,
1031 3427 1075 3466 258
1092 3421 1138 3483 fin.
1160 3448 1190 3457 -
1213 3424 1299 3468 Tunica

163 3493 241 3539 nmine
254 3492 284 3538 ici
297 3493 318 3537 Ιι
330 3492 454 3538 discussion
468 3491 522 3537 d'un
538 3491 577 3536 fait
589 3507 703 3551 nonresu3
755 3493 835 3556 pulla,
856 3491 969 3537 sdtement
994 3491 1024 3536 de
1051 3493 1130 3537 travail
1154 3492 1195 3537 des
1218 3493 1299 3552 petitrs

163 3565 192 3609 de
210 3565 282 3609 mtme
296 3568 334 3610 tt.
347 3561 383 3608 Cf.
397 3568 425 3606 at
432 3562 497 3624 fin.-
514 3563 566 3608 lust
582 3577 661 3610 vere...
695 3588 700 3601 ι
759 3579 827 3627 μοις
840 3564 948 3614 ‚nonae
962 3563 1050 3623 Epist,
1065 3563 1084 3622 l,
1098 3576 1143 3616 vn,
1161 3568 1191 3607 ab
1206 3579 1212 3607 :
1237 3565 1300 3608 runt,

192 3631 372 3692 Incommodum,
400 3631 533 3690 l'ineident,
557 3630 658 3678 l'affnire.
674 3626 705 3678 [e
758 3645 810 3679 ento
819 3630 918 3694 popello.
932 3630 1061 3686 -Pallin,
1077 3633 1098 3678 le
1117 3642 1221 3678 menneo
1235 3649 1297 3696 gree.

165 3705 204 3749 fnit
217 3705 274 3749 n'est
285 3718 361 3748 eonnn
375 3717 421 3764 qne
432 3717 475 3762 per
485 3717 511 3749 ce
524 3716 627 3764 passage.
759 3704 795 3753 ct.
808 3704 850 3755 lv.
866 3701 944 3762 stfis.
1292 3746 1295 3751 ,

193 3774 257 3820 Idem
271 3775 339 3834 qut...
354 3773 389 3821 Cf.
404 3779 449 3817 stt
462 3781 487 3817 nt
496 3773 627 3818 estsimilis
637 3781 703 3819 esset.
791 3772 853 3834 Quid
869 3771 956 3820 hune...
972 3773 1046 3819 totus
1061 3773 1237 3838 nisonnernent,
1256 3775 1301 3828 lv,

195 3845 257 3890 xvt.
281 3849 319 3888 ⁴0.
339 3843 458 3890 Valentini
474 3861 483 3888 .-
503 3843 617 3888 ltabitents
637 3842 706 3889 d’nne
757 3849 789 3891 ⁸4
802 3843 847 3902 fin
1021 3845 1024 3851 ’

165 3914 217 3958 ville
230 3915 260 3957 du
277 3914 378 3959 llrutiurn
390 3913 429 3973 qni
439 3922 505 3972 porta
520 3913 706 3960 successivement
758 3949 761 3955 .
790 3913 990 3975 Pnfieiscentem5
998 3916 1107 3962 entendea
1118 3916 1301 3970 commed’ordi·

165 3983 279 4042 plusieurs
297 3998 363 4028 nosns
380 4001 386 4029 ι
405 3981 543 4041 Ἱππώνιον,
566 3983 619 4043 puis
637 3982 704 4047 Vita,
756 3983 899 4046 ndre(sinsi
913 3985 947 4038 ll,
964 3989 1005 4039 t7;
1020 3987 1065 4046 Bp.
1079 3985 1214 4045 adonim..
1231 3987 1251 4038 l.
1261 4000 1299 4043 111,

165 4053 224 4098 enfin
235 4052 289 4099 chet
304 4053 336 4098 les
347 4052 456 4100 Romaim
472 4053 590 4100 Valentia.
604 4052 652 4099 tute
663 4054 705 4098 de·
760 4053 831 4118 t'fiu.
842 4054 908 4114 etal:
920 4054 975 4098 arbe
987 4055 1011 4099 s'n
1021 4057 1169 4114 provinciam.

163 4123 211 4169 sint
232 4123 322 4169 colonie
342 4124 410 4169 latine
431 4139 461 4169 en
477 4130 522 4170 tto
543 4122 657 4186 (testum)
674 4139 704 4169 on
789 4124 846 4171 Sine
865 4123 917 4169 ulla
937 4125 1052 4185 voluptate
1064 4143 1071 4169 :
1085 4125 1144 4170 faute
1168 4134 1231 4170 tonte
1244 4140 1298 4187 gra·

164 4209 193 4239 en
216 4200 259 4239 ΒΜ
285 4193 407 4253 (Tite-Lim
424 4211 430 4239 s
450 4194 500 4240 voir
517 4195 651 4255 Misponlet,
671 4195 704 4248 ll.
759 4195 825 4250 snite,
838 4210 882 4257 per
894 4193 1028 4255 opposition
1041 4195 1053 4239 ἰ
1066 4196 1132 4240 celles
1143 4194 1183 4256 qni
1198 4195 1229 4240 tui
1244 4211 1300 4256 pro·

167 4280 191 4324 p.
198 4266 245 4325 tlt).
257 4263 338 4311 C'etsit
348 4279 378 4309 nn
389 4263 545 4327 municipium,
555 4262 663 4325 depuisla
673 4263 706 4309 lui
757 4265 859 4311 ennieut
868 4265 945 4325 plaisir
956 4272 979 4309 et
990 4263 1066 4322 profit.

164 4335 231 4381 lolia.
789 4340 828 4382 st.
841 4335 902 4382 AEde
916 4332 1029 4381 settm:
1044 4335 1147 4399 Madvig,
1157 4326 1215 4383 deae
1225 4336 1300 4390 flam..

196 4405 347 4452 Pretorium:
363 4404 413 4450 voit·
428 4405 560 4467 Misponlet,
575 4406 609 4460 ll,
623 4421 648 4466 p.
665 4411 704 4455 st.
759 4408 793 4457 ll.
812 4422 834 4465 p.
850 4411 914 4452 sto.

194 4477 292 4521 Parvum
305 4490 395 4520 ortanum
409 4475 597 4534 :prolrsblemcnt
605 4475 706 4538 quelque
777 4510 780 4515 .
791 4473 999 4539 Tenetis‚judices‚
1012 4487 1063 4525 tous
1074 4478 1105 4524 les
1112 4479 1178 4539 juges
1188 4480 1251 4525 etant
1263 4479 1299 4525 ιό·

163 4545 247 4599 bonde.
257 4544 336 4592 debris
349 4545 379 4591 de
390 4544 483 4592 l’srmde
492 4546 521 4591 de
533 4547 662 4606 Spartacus.
758 4553 859 4591 nateurs.
