3150 5378
1280 448 1337 506 tot
1432 471 1435 476 ’

550 457 605 514 on
633 456 789 525 stoma,
818 452 855 535 aa
882 457 997 514 rsa-ca.

209 590 393 686 neglegens
412 585 555 655 nimium
573 585 675 654 fuisse
695 584 850 654 videatur
875 584 988 679 ne'que
1007 608 1042 655 se
1061 583 1152 669 satis,
1176 608 1253 653 cum
1275 609 1339 679 po-

211 719 364 775 testatem
381 700 550 784 habuerit‚
573 699 769 768 instruxisse
789 714 823 769 et
839 723 989 768 ornasse.

259 820 405 888 XXVII.
430 814 542 886 Venio
562 839 653 885 nuuc
672 839 742 883 non
756 815 824 907 jam
847 813 889 882 ad
910 813 1052 899 furtum,
1073 838 1144 882 non
1163 813 1205 882 ad
1229 814 1340 882 avari-

210 935 303 1018 tiam,
317 957 387 1002 non
402 930 445 1000 ad
462 929 695 1024 cupiditatem,
709 927 769 998 sed
785 927 840 1000 od
852 929 924 1022 ejus
943 928 1035 997 modi
1056 927 1199 1014 facinus,
1220 927 1256 997 in
1273 954 1341 1023 quo

210 1049 324 1119 omnia
350 1044 479 1116 nefaria
507 1043 675 1114 contineri
701 1043 785 1112 mihi
818 1058 920 1138 atque
948 1043 1058 1112 inesse
1084 1042 1276 1130 videantur,
1306 1044 1342 1112 in

212 1188 280 1259 quo
315 1162 362 1231 dii
392 1159 590 1229 immortalis
615 1158 743 1244 violati,
782 1157 983 1228 existimatio
1021 1173 1122 1253 atque
1159 1158 1342 1227 auctoritas

212 1275 358 1346 nominis
378 1274 497 1370 populi
518 1274 660 1343 Romani
684 1273 861 1360 inminuta,
892 1272 1078 1375 hospitium
1101 1273 1282 1368 spoliatum
1303 1299 1342 1343 ac

213 1391 398 1486 proditum,
434 1387 613 1457 abalienati
641 1387 771 1457 scelere
801 1386 897 1456 istius
928 1411 947 1455 a
980 1387 1078 1455 nobis
1106 1386 1217 1455 omnis
1246 1412 1343 1483 reges

213 1503 405 1575 amicissimi
433 1503 656 1598 nationesque
685 1527 760 1596 quae
788 1500 824 1570 in
854 1526 973 1571 eorum
1004 1525 1112 1596 regno
1142 1526 1181 1570 ac
1208 1501 1344 1573 dicione

214 1634 303 1691 sunt.

262 1740 324 1826 [61]
341 1735 429 1805 Nam
444 1757 542 1830 reges
559 1733 677 1827 Syriae,
700 1731 790 1826 regis
809 1729 975 1803 Antiochi
987 1729 1073 1801 lilios
1093 1757 1230 1827 pueros,
1253 1733 1345 1803 scitis

216 1853 330 1920 Romae
349 1875 461 1944 nuper
482 1848 602 1934 luisse3
624 1845 683 1941 qui
712 1860 876 1915 venerant
899 1871 969 1914 non
994 1861 1137 1941 propter
1156 1848 1261 1942 Syriae
1287 1873 1344 1923 re-

215 1989 337 2061 gnum3
358 1989 437 2033 nam
456 1962 492 2032 id
516 1963 588 2032 sine
608 1960 840 2030 controversia
859 1959 1070 2045 obtinebant,
1095 1976 1133 2031 ut
1155 1987 1174 2030 a
1195 1978 1291 2057 patre
1312 1978 1344 2032 et

215 2079 436 2174 amajoribus
455 2090 675 2173 acceperant;
698 2074 757 2144 sed
782 2099 926 2170 regnum
951 2075 1087 2169 AEgypti
1114 2075 1156 2144 ad
1183 2101 1218 2146 se
1245 2077 1345 2147 etad

216 2195 362 2264 Selenen
395 2208 538 2263 matrem
562 2216 656 2261 suam
681 2190 853 2285 pertinere·
874 2189 1138 2258 arbitrabantur.
1162 2191 1189 2258 Ii
1209 2206 1346 2285 postca-

216 2334 318 2404 quam
340 2308 553 2403 temporibus
578 2306 627 2375 rei
651 2304 796 2400 publicae
820 2303 945 2373 exclusi
974 2328 1036 2398 per
1063 2319 1217 2373 senatum
1244 2329 1346 2400 agere

216 2449 291 2519 quae
314 2423 493 2493 voluerant
520 2446 590 2491 non
615 2429 812 2516 potuerunt,
836 2417 871 2485 in
897 2417 1028 2512 Syriam
1054 2417 1090 2487 in
1116 2443 1260 2514 rognum
1284 2444 1346 2513 pa-

217 2539 319 2608 trium
338 2537 484 2632 profecti
508 2549 598 2606 sunt.
626 2537 754 2603 Eorum
778 2533 875 2617 alter,
896 2532 955 2627 qui
977 2532 1166 2602 Antiochus
1190 2549 1344 2620 vocatur,

218 2653 281 2723 iter
300 2677 362 2747 per
385 2652 536 2721 Siciliam
559 2649 674 2719 facere
698 2648 823 2733 voluit,
855 2647 969 2742 itaque
995 2646 1059 2717 isto
1083 2664 1229 2743 praetore
1255 2649 1347 2719 venit

217 2770 410 2862 Syracusas.

266 2887 327 2972 [62]
347 2882 413 2950 Hic
432 2884 560 2951 Verres
584 2879 808 2951 hereditatem
833 2878 895 2948 sibi
922 2877 1055 2950 venisse
1074 2878 1256 2950 arbitratus
1282 2896 1344 2967 est,

250 3042 405 3088 Vxemreree:
423 3043 519 3088 xxvn.
530 3058 564 3104 pp
579 3042 622 3100 ed3
634 3043 700 3091 ΜΕ
715 3059 759 3094 om.
771 3044 838 3094 -11
854 3043 1042 3106 hospicium·
1060 3048 1098 3090 et.
1113 3041 1263 3091 Rsclenem.
1277 3035 1352 3088 -1l¹

221 3113 353 3174 lliipeoetce
370 3110 496 3175 qnem31l'
510 3113 535 3158 hi
549 3113 596 3174 ipsi
607 3124 691 3175 poetee
706 3131 789 3178 qnam
796 3114 848 3177 phi
859 3125 942 3176 poetee
953 3132 1036 3178 qnam3
1051 3117 1111 3174 Log-
1124 3118 1153 3157 2⁹
1165 3131 1181 3177 φ
1195 3129 1239 3157 om.
1256 3111 1310 3172 ipsi.
1322 3135 1353 3147 -

223 3183 321 3230 Mathia
333 3185 422 3246 Jacoby
433 3181 467 3247 [in
479 3182 590 3248 Syriaml.

254 3291 405 3355 Neglegerer
423 3308 481 3354 opp.
494 3292 596 3354 dilr’gere
615 3309 622 3339 ε
641 3291 677 3338 e'il
695 3308 763 3339 men·
816 3291 1051 3354 poere'elforcerde
1071 3291 1129 3338 seire
1146 3292 1279 3354 triompher
1294 3296 1356 3343 lente
1439 3296 1441 3301 '

225 3363 291 3426 queit
305 3363 335 3409 de
352 3362 403 3409 sile
425 3373 450 3409 et
469 3364 499 3410 de
513 3362 656 3424 preeoyonce
672 3379 763 3410 comme
816 3363 917 3409 droitsi
938 3363 960 3409 le
975 3362 1104 3409 eucceeeion
1123 3365 1210 3410 etita
1227 3367 1355 3426 lmeeeuion

224 3434 330 3494 pretore,
340 3433 419 3479 iln'en
431 3434 550 3495 meaqueit
561 3435 690 3480 nullement
702 3448 765 3495 pour

225 3520 252 3550 ee
265 3504 307 3566 qni
322 3504 454 3551 concernit
467 3520 492 3550 se
506 3503 607 3550 somnne.

254 3573 398 3621 Instruaeiese
421 3584 442 3620 et
461 3590 555 3621 ornasse
573 3595 582 3622 .·
598 3575 653 3621 e’eet
673 3589 763 3635 poerrn

225 3643 263 3708 (cl.
276 3646 315 3706 tt)
326 3655 349 3690 et
363 3644 457 3691 meubli
469 3661 523 3692 erec
537 3647 598 3692 luxe.

254 3714 352 3763 xxvtt.
368 3712 428 3778 Ejus
440 3715 503 3761 modi
506 3715 607 3780 sacimas
618 3713 643 3761 in
657 3730 702 3778 qao
713 3730 764 3760 orn-

225 3784 450 3832 uio....·demime
467 3786 500 3843 11,
518 3801 607 3842 xxxxv,
625 3793 664 3844 st,
679 3795 704 3832 et
718 3788 764 3833 Pro

224 3857 290 3904 aaa.
303 3857 369 3914 Am„
385 3862 422 3903 at.

256 3933 293 3972 et.
311 3927 387 3989 Reges
401 3946 409 3974 .·
422 3943 449 3974 ee
463 3936 513 3974 mot
526 3927 657 3988 e'emploie‚
672 3943 764 3974 comme

226 3995 352 4059 βασιλεύς,
376 3997 433 4042 dene
451 3998 474 4045 le
493 4013 544 4043 eene
567 3998 598 4043 de
616 3997 707 4061 priore.
725 3998 762 4045 Cl.

226 4070 291 4124 Coto,
314 4074 341 4113 tt
359 4084 367 4114 a
382 4069 471 4128 Cyrum
494 4068 619 4125 minorem,
640 4072 764 4115 Persarum

223 4153 308 4199 regere.

253 4207 326 4270 Regr'e
350 4205 461 4256 Antiochi
480 4227 489 4255 .-
511 4208 638 4255 Antioehns
662 4210 764 4268 Eusibo,

223 4276 304 4324 chetei
321 4279 408 4326 down
430 4294 540 4339 royenme
558 4295 602 4339 per
618 4279 728 4342 Tigrane,
743 4281 766 4327 le

224 4348 356 4410 been-pire
381 4350 411 4395 de
435 4349 575 4396 Mithridate
602 4348 659 4413 (8³).
681 4351 765 4409 Quend

223 4419 321 4466 celei-ei
334 4418 369 4465 fut
384 4419 465 4465 veiireu
478 4435 522 4480 per
535 4421 642 4467 Lucullus
656 4418 713 4484 (74),
730 4421 764 4468 lee

224 4489 260 4536 tte
272 4489 426 4537 d'Antiochne
438 4489 529 4537 einrent
548 4491 561 4535 ir
578 4492 651 4537 Rome
665 4506 719 4536 eree
733 4507 765 4537 un

223 4558 318 4622 ronige
335 4559 402 4621 royel
422 4556 461 4623 (tt
477 4561 535 4621 fiee:
555 4559 663 4606 comitato
679 4559 763 4623 regio),

817 3433 923 3480 effective
935 3434 967 3479 dn
982 3449 1093 3495 royaunre
1108 3434 1139 3480 de
1149 3435 1201 3481 lenr
1215 3436 1280 3496 pire.
1296 3435 1356 3483 Pre-

816 3514 947 3551 eentement
969 3504 997 3550 ile
1016 3505 1070 3551 n’en
1096 3504 1245 3566 postideient
1271 3507 1357 3570 qu'nne

817 3576 865 3622 trie
877 3575 953 3636 petite
966 3574 1053 3636 partie,
1066 3576 1160 3622 tereste
1174 3585 1245 3637 eyent
1258 3575 1297 3623 ket
1308 3578 1357 3638 pris

817 3662 861 3707 par
871 3646 980 3709 Tigrane.
996 3644 1099 3706 Pompeio
1111 3662 1244 3693 consomme
1258 3648 1280 3694 le
1292 3649 1357 3694 ruine

817 3718 847 3762 de
867 3732 905 3763 cce
919 3716 1010 3777 princee
1024 3717 1112 3779 quand,
1124 3733 1154 3764 en
1166 3725 1204 3776 ot,
1219 3718 1322 3766 ilrtunit
1334 3720 1357 3765 le

817 3787 884 3848 Syrie
896 3789 909 3832 i
921 3786 1036 3848 l'empire.

847 3860 934 3920 Nuper,
943 3858 973 3904 de
985 3862 1014 3904 rt
1027 3859 1039 3902 i
1050 3865 1096 3906 7³:
1111 3875 1150 3906 cer
1165 3876 1197 3907 on
1209 3876 1284 3917 verre,
1294 3874 1356 3918 xxx,

818 3933 846 3974 ⁶7
860 3945 866 3974 ε
882 3928 923 3988 qui
934 3930 1040 3974 Rome...
1051 3927 1258 3992 bienoiemsere...
1267 3929 1355 3976 fuisset.

846 3997 903 4045 Situ
916 3998 1135 4061 controveretocper
1148 3999 1210 4046 droit
1224 4001 1254 4046 de
1265 4016 1357 4047 succee-

818 4082 877 4115 eron.

850 4138 996 4202 Temporibus
1010 4157 1018 4184 .-
1032 4142 1107 4186 Rome
1122 4139 1183 4186 enit
1197 4141 1257 4186 elore
1269 4142 1282 4186 'e
1296 4156 1358 4187 corn·

818 4210 895 4256 bettre
909 4210 1033 4266 Sertoriue,
1050 4209 1198 4266 Mithridate,
1217 4210 1251 4256 les
1270 4210 1357 4271 piretce

819 4290 842 4325 et
854 4280 888 4326 lee
900 4281 1001 4326 eeclaree
1013 4279 1121 4326 revoltie.

848 4351 1086 4413 Itaqreezetit13de
1093 4350 1169 4397 meme
1178 4357 1220 4396 {³8
1227 4349 1258 4396 ie.
1267 4360 1292 4397 et
1304 4357 1357 4398 tta.

850 4428 887 4466 ⁶2.
896 4420 1061 4477 Hereditatem,
1072 4437 1116 4467 une
1127 4420 1233 4466 oubeinc.
1244 4424 1281 4467 On
1289 4422 1359 4469 dieait

818 4491 870 4552 plue
884 4491 1066 4552 eomplitement
1077 4493 1134 4538 dens
1144 4491 1166 4537 le
1173 4489 1280 4538 conrtdie
1292 4490 1358 4556 (einai

818 4559 917 4621 Captivi,
930 4563 971 4618 tv,
981 4576 1000 4618 t,
1011 4560 1035 4624 8)
1048 4579 1054 4608 2
1066 4561 1116 4608 tire
1127 4561 1202 4607 terrie
1210 4561 1358 4610 hereditates.
