3150 5378
507 471 560 526 DE
590 469 744 537 SlGNlS,
777 465 812 548 ἕξ
839 472 957 528 tit-tt.
1240 467 1296 522 tta

165 626 265 695 quam
304 600 410 670 caelati
444 614 631 695 aspexerat,
669 626 788 670 manus
830 601 1011 683 abstinere,
1043 598 1187 693 judiees,
1231 623 1300 667 non

165 730 309 810 poterat.

213 828 277 894 Cn.
311 827 494 921 Pompeius
532 843 593 912 est,
627 828 728 897 Plnlo
762 828 820 922 qui
865 828 940 913 luit,
974 824 1238 920 Tyndaritanus.
1268 827 1300 893 ls

166 966 283 1010 cenam
302 941 355 1010 isti
382 942 481 1010 dabat
506 943 596 1037 apud
622 942 736 1011 villam
756 942 791 1011 in
818 943 1062 1036 Tyndaritano.
1092 941 1187 1010 Fecit
1208 937 1300 1035 quod

166 1056 270 1125 Siculi
290 1082 360 1124 non
375 1057 565 1126 audebant:
590 1057 658 1142 ille,
683 1057 766 1127 civis
786 1059 958 1126 Romanus
977 1055 1071 1151 quod
1091 1051 1300 1149 eratsinpu-

165 1171 250 1269 nius!
267 1171 302 1272 id
330 1197 365 1241 se
395 1170 563 1243 facturum
602 1173 752 1267 putavit:
781 1172 939 1267 adposuit
969 1171 1140 1265 patellam,
1172 1170 1301 1265 inqua

166 1263 278 1383 sigilla
298 1301 395 1355 erant
414 1288 563 1382 egregia.
587 1290 654 1357 Iste
674 1287 838 1357 continuo
858 1302 894 1356 ut
913 1286 1010 1370 vidit,
1041 1311 1112 1354 non
1135 1284 1298 1354 dubitavit

167 1401 248 1469 illud
267 1401 398 1496 insigne
417 1402 590 1496 penatium
615 1401 902 1497 hospitaliumque
921 1400 1064 1470 deorum
1084 1424 1125 1468 ex
1144 1398 1298 1494 hospitali

166 1540 280 1585 mensa
306 1516 438 1600 tollere,
459 1516 518 1585 sed
537 1530 662 1602 tamen,
684 1516 777 1611 quod
804 1529 882 1585 ante
908 1513 954 1586 de
982 1514 1076 1583 istius
1100 1513 1300 1583 abstinentia

166 1631 329 1716 dixeram,
352 1631 469 1726 sigillis
486 1631 609 1700 avulsis
629 1631 798 1726 reliquum
818 1645 997 1725 argentum
1017 1629 1089 1698 sine
1109 1629 1177 1698 ulla
1195 1629 1300 1698 avari·

167 1745 210 1815 tia
230 1746 390 1817 reddidit.

215 1866 276 1951 [49]
296 1860 418 1952 Quid?
441 1863 631 1957 Eupolemo
657 1862 845 1948 Calactino,
873 1861 1003 1931 homini
1031 1861 1151 1945 nobili,
1168 1857 1300 1930 Lucul-

168 1977 280 2046 lorum
309 1976 434 2072 hospiti
464 2002 502 2046 ae
527 1976 765 2073 perfamiliari,
795 1976 854 2072 qui
878 2002 970 2046 nunc
995 1976 1086 2071 apud
1115 1975 1302 2045 exercitum

167 2116 245 2159 eum
264 2092 305 2159 L.
335 2091 484 2160 Lucullo
513 2106 575 2175 est,
598 2117 668 2160 uon
688 2092 778 2161 idem
797 2088 903 2161 lecit?
921 2092 1074 2160 Cenabat
1093 2089 1184 2184 apud
1204 2114 1298 2175 eum3

167 2219 345 2299 argentum
374 2203 430 2273 ille
456 2218 607 2274 ceterum
634 2229 757 2299 purum
783 2204 999 2299 adposuerat,
1029 2200 1072 2273 ne
1101 2227 1208 2298 purus
1231 2203 1302 2297 ipse

169 2320 422 2414 relinqueretur
444 2347 451 2387 ε
474 2318 543 2388 duo
563 2320 685 2414 pocula
703 2345 773 2394 non
790 2345 924 2414 magna,
953 2343 1073 2388 verum
1092 2332 1205 2387 tamen
1225 2342 1301 2386 cum

168 2434 381 2503 emblemate.
396 2433 473 2518 Hic,
488 2449 660 2528 tamquam
672 2434 831 2504 festivom
848 2459 1022 2520 acroama,
1040 2458 1083 2503 ne
1099 2433 1172 2502 sine
1192 2432 1300 2501 corol-

168 2549 251 2619 lario
271 2549 313 2618 de
333 2548 491 2618 convivio
512 2549 715 2634 diseederet,
744 2549 870 2619 ibidem
893 2549 1046 2619 convivis
1072 2548 1303 2643 spectantibus

168 2664 370 2733 emblemata
390 2663 567 2733 evellenda
593 2663 736 2734 curavit.

215 2779 337 2873 Neque
362 2802 426 2873 ego
461 2802 553 2847 nunc
580 2777 675 2848 istius
709 2777 796 2848 facta
825 2779 939 2850 omnia
967 2803 1170 2850 enumerare
1197 2803 1304 2847 conor

167 2917 279 2986 neque
296 2917 383 2987 opus
408 2908 541 2963 estnec
560 2892 634 2964 ficri
658 2895 728 2963 ullo
745 2896 848 2964 modo
875 2910 1006 2990 potest:
1026 2909 1158 2965 tantum
1183 2895 1303 2963 unius-

169 3008 332 3102 cujusque
352 3007 395 3078 de
418 3008 511 3077 varia
531 3008 748 3104 improbitate
767 3011 904 3105 generis
928 3010 1054 3080 indicia
1071 3010 1161 3105 apud
1187 3034 1248 3078 vos
1270 3024 1303 3078 et

169 3122 321 3217 exempla
345 3121 497 3216 profero.
527 3123 650 3217 Neque
676 3123 833 3194 enim'ita
857 3149 892 3194 se
919 3125 1022 3218 gessit
1048 3124 1083 3193 in
1111 3122 1164 3192 his
1187 3124 1300 3207 rebus,

170 3250 339 3331 tamquam
360 3237 526 3306 rationem
546 3237 729 3332 aliquando
746 3252 834 3308 esset
850 3239 1059 3323 redditurus,
1083 3237 1142 3306 sed
1165 3262 1304 3331 prorsus

198 3447 336 3492 Vamanrss
351 3462 358 3492 s
371 3445 392 3494 R
404 3445 485 3492 sieilia.
500 3471 532 3482 -
542 3446 564 3493 Η
573 3462 617 3491 om.
628 3447 666 3493 de.
680 3472 712 3484 -
721 3450 789 3496 tali
799 3447 873 3494 nobili
888 3446 1056 3493 incoliorum...
1067 3447 1184 3493 loeullo...
1197 3446 1304 3494 lertluom

169 3532 270 3562 aeroma.

199 3664 247 3726 Qui
256 3665 322 3725 suit:
339 3682 450 3727 opposez,
462 3673 491 3713 tt
504 3684 509 3713 :
527 3667 708 3714 Percenniorum
793 3667 866 3730 Apud
877 3665 1021 3714 exercitum:
1032 3669 1081 3715 Pro
1091 3667 1188 3723 Atetta,
1201 3675 1226 3715 tt
1240 3669 1273 3715 in.

167 3736 209 3800 qui
221 3753 281 3782 uuae
293 3737 393 3797 Pompei
406 3747 467 3783 sum.
793 3739 844 3784 Non
854 3752 958 3800 magno.-
971 3737 988 3784 il
1003 3737 1105 3800 espissit
1115 3755 1161 3800 que
1173 3755 1211 3786 ces
1220 3755 1305 3802 ooopet

199 3808 271 3871 Apud
283 3807 381 3853 villam:
396 3808 446 3854 vois
461 3814 489 3856 38
505 3827 510 3854 :
530 3809 562 3855 ad
579 3809 669 3867 villam,
685 3818 709 3856 et
763 3824 793 3855 ne
805 3809 906 3855 seraient
917 3823 960 3869 pas
974 3810 1124 3872 remarquies
1136 3811 1166 3857 de
1180 3811 1272 3858 verris.

169 3879 305 3939 Nipperdey
317 3894 356 3924 sur
369 3879 459 3936 Tseite,
470 3881 543 3932 Aius,
558 3882 578 3936 l,
592 3888 614 3926 Β.
793 3882 940 3930 Aaronom...
958 3880 1111 3930 corollario...
1126 3882 1281 3944 spectantibus
1297 3900 1305 3928 .·

200 3949 362 4012 Hospitals'um.
376 3949 413 3996 Cl.
426 3956 453 3996 32
467 3969 472 3996 ε
488 3965 536 4012 quo
553 3952 635 3997 solitus
649 3961 709 3998 esset
763 3967 854 3997 comme
868 3967 900 3996 un
912 3951 960 3997 bon
972 3950 1071 3997 virtuose
1084 3953 1124 4015 qui
1139 3954 1249 3999 n’entend
1263 3969 1305 4013 pas

169 4020 232 4067 uti...
248 4021 277 4066 sd
293 4020 405 4082 lrospr'tum
419 4022 538 4067 adventus.
764 4037 877 4084 nranquer
903 4037 927 4067 ss
950 4037 1063 4068 eoumnne
1083 4039 1112 4069 eu
1136 4025 1239 4085 quittant
1263 4039 1304 4068 eon

199 4091 321 4147 Dsiseram,
337 4106 365 4135 su
380 4092 427 4137 lieu
439 4093 469 4138 de
480 4091 545 4144 diat·
559 4093 610 4138 voir
621 4093 642 4139 la
654 4104 709 4139 note
762 4093 856 4154 public:
868 4093 918 4138 voir
928 4093 959 4139 ici
971 4095 1047 4156 ttfin
1062 4112 1069 4138 :
1081 4097 1106 4138 ln
1117 4094 1272 4151 donatarum,v
1281 4108 1305 4140 et

168 4162 198 4208 de
210 4162 265 4208 Brix
278 4177 318 4207 eur
329 4163 420 4218 Plaute,
437 4166 502 4224 Cupt.
512 4162 576 4225 prol.
594 4170 631 4210 17.
765 4179 954 4225 portaerem,
968 4166 1015 4211 Pro
1027 4164 1124 4216 Arclu'u,
1141 4173 1179 4209 20.

199 4238 237 4278 tu.
260 4232 393 4294 Eupolemo.
420 4236 483 4279 l’our
512 4249 538 4279 ee
561 4233 634 4290 datis,
661 4235 710 4280 vois
793 4237 872 4296 Neque
884 4251 927 4296 ego
941 4234 1169 4280 nesrac....·lameme
1183 4250 1304 4296 remsrque

168 4303 272 4365 Madvig,
285 4303 301 4366 ᾗ
312 4309 367 4358 244,
382 4304 446 4350 Rern.
461 4311 482 4349 ὅ.
763 4320 814 4352 sera
835 4304 891 4351 faite
911 4321 996 4351 encore
1010 4321 1039 4350 au
1052 4315 1251 4351 commeneement
1273 4306 1305 4352 du

200 4374 328 4426 Calactino,
343 4374 373 4419 dc
388 4376 494 4420 Caleaete
509 4372 582 4435 (καλὴ
595 4369 667 4438 ἀκτή)
679 4391 709 4421 ou
764 4377 801 4422 eh.
817 4391 887 4422 xxvi.

169 4446 272 4501 Calacte,
288 4447 301 4490 'a
318 4445 401 4490 l’oueat
417 4445 584 4491 d'llaiuntium.
794 4449 863 4497 Ito...
885 4457 1023 4509 tanquam...
1046 4446 1079 4492 lta
1096 4446 1192 4510 quasi...
1206 4465 1214 4491 .·
1229 4446 1259 4492 el.
1275 4454 1303 4494 ut

200 4515 363 4569 Lucullorum,
377 4516 411 4562 les
434 4516 496 4562 deux
514 4515 587 4561 freres
605 4515 710 4564 oomnis
757 4518 820 4580 stu.-
836 4528 975 4579 tunquam...
992 4516 1027 4561 ita
1036 4537 1046 4570 ,·
1064 4528 1088 4564 et
1101 4518 1131 4564 iei
1147 4525 1175 4564 75
1188 4518 1221 4563 irs.
1239 4527 1263 4564 et
1273 4520 1304 4575 V,

170 4587 217 4635 Pro
229 4584 325 4641 Archia,
341 4591 364 4631 ὅ.
767 4593 806 4635 tlt
821 4588 868 4634 lut
886 4587 982 4652 qrsoss'...
999 4587 1041 4634 lta.
