3150 5378
1019 44 1080 131 tlt
1117 64 1186 129 Ῥω
1211 61 1259 124 t)

34 140 86 204 w
124 92 289 201 ⁰l·**·l¹t
338 86 344 119 l
379 128 384 141 Ι
421 82 462 159 el]
494 88 613 164 ΜἫῙ
655 74 738 171 'pla
784 107 855 221 ‘le
880 60 977 146 „ld

275 298 311 359 ‘l

519 518 573 573 nn
602 516 758 584 sionis,
787 511 825 595 aa
854 516 964 573 re-ia.
1254 508 1309 564 ree

150 643 375 754 stirnationis3
407 642 547 714 difficile
583 660 632 715 est
655 644 758 715 finem
782 644 896 715 facere
927 644 1050 739 pretio,
1081 644 1148 713 nisi
1178 639 1309 711 libidini

144 756 308 828 'feceris

222 873 334 943 Video
352 875 457 970 igitur
484 877 610 945 Heium
628 900 742 971 neque
767 876 942 947 voluntate
969 900 1082 970 neque
1110 873 1310 943 difficultate

174 986 285 1081 aliqua
307 988 470 1084 temporis
491 1014 556 1058 nec
575 989 809 1084 magnitudine
834 991 988 1084 peeuniae
1010 989 1196 1058 adductum
1221 1012 1306 1072 esse,

174 1115 212 1170 ut
227 1101 300 1170 haec
317 1103 413 1197 signa
429 1104 612 1190 venderet3
633 1118 735 1197 teque
748 1104 809 1172 ista
820 1104 1034 1173 simulatione
1052 1103 1245 1197 emptionis,
1261 1100 1306 1185 vi,

173 1231 279 1301 metu,
300 1216 459 1312 imperio,
474 1217 632 1303 fascibus,
653 1219 695 1287 ab
707 1217 846 1287 bomine
864 1243 918 1302 eo,
939 1243 1042 1313 quem
1061 1242 1128 1286 una
1147 1241 1234 1287 cum
1251 1242 1310 1285 ce-

174 1330 255 1399 teris
274 1330 373 1399 sociis
389 1357 461 1400 non
479 1333 589 1401 solum
605 1332 763 1427 potestati
778 1347 858 1417 tuae,
878 1332 1051 1402 sedetiam
1068 1331 1148 1401 lidei
1164 1331 1311 1426 populus

175 1446 347 1514 Romanus
366 1445 594 1528 commiserat,
618 1445 783 1541 eripuisse
800 1460 902 1540 atque
925 1446 1113 1516 abstulisse.

223 1564 285 1650 [ta]
304 1560 398 1650 Quid
417 1560 501 1629 mihi
520 1575 588 1630 tam
606 1559 806 1654 optandum,
816 1560 962 1653 judices,
976 1575 1089 1655 potest
1101 1586 1173 1631 esse
1193 1562 1228 1630 in
1246 1562 1311 1629 hoc

174 1672 317 1742 crimine
344 1699 447 1768 quam
466 1689 504 1744 ut
520 1674 593 1742 baec
613 1673 733 1744 eadem
752 1674 843 1743 dicat
862 1675 934 1768 ipse
954 1673 1084 1744 Heius?
1107 1674 1203 1745 Nihil
1228 1701 1311 1769 pro-

174 1786 283 1872 lecto,
303 1788 363 1857 sed
381 1813 426 1858 ne
441 1787 593 1857 difficilia
604 1802 773 1884 optemus.
785 1789 891 1858 Heius
908 1803 959 1859 est
974 1789 1217 1874 Mamertinus3
1239 1792 1310 1856 Ma·

173 1901 319 1970 mentina
334 1903 452 1993 ciuitas
461 1902 563 1987 ¹istum
583 1902 721 1999 publice
738 1903 912 1973 communi
932 1903 1074 1972 consilio
1092 1904 1162 1973 sola
1177 1902 1308 1988 laudat,

119 2019 122 2022 ’
171 2016 331 2084 ”o‘mnibus
351 2016 413 2086 iste
436 2017 559 2087 ceteris
579 2018 701 2087 Siculis
720 2017 801 2086 odio
830 2031 892 2103 est,
916 2019 958 2087 ab
978 2017 1031 2087 his
1049 2018 1129 2087 solis
1155 2032 1308 2103 amatur3

174 2131 246 2222 ejus
271 2144 384 2201 autem
403 2131 593 2226 legationis,
614 2157 690 2226 quae
709 2132 751 2201 ad
775 2132 875 2234 istum
899 2131 1108 2201 laudandum
1127 2132 1227 2200 missa
1246 2146 1307 2209 est,

174 2245 333 2341 princeps
359 2260 409 2315 est
434 2246 540 2315 Heius
556 2247 696 2335 (etenim
715 2260 766 2317 est
792 2247 923 2341 primus
942 2245 1112 2338 civitatis),
1132 2271 1177 2315 ne
1205 2246 1307 2330 forte,

175 2359 256 2433 dum
273 2360 419 2453 publicis
435 2360 600 2431 mandatis
621 2361 757 2446 serviat,
780 2360 824 2430 de
850 2360 990 2454 privatis
1007 2361 1138 2453 injuriis
1156 2360 1309 2429 reticeat.

175 2478 237 2563 [16]
257 2475 339 2542 Haec
359 2500 437 2543 cum
454 2475 577 2544 scirem
592 2489 627 2545 et
645 2474 844 2569 cogitarem,
859 2473 1013 2565 commi-si
1027 2489 1154 2559 tamen,
1164 2474 1309 2567 judices,

175 2586 263 2656 Heio
277 2612 285 2672 ;
307 2588 456 2682 produxi
466 2588 576 2684 prima
591 2589 743 2675 actione,
756 2613 869 2684 neque
889 2589 924 2658 id
942 2604 1057 2659 tamen
1072 2589 1141 2659 ullo
1159 2589 1313 2683 periculo

69 2726 87 2787 ,¹
175 2701 241 2771 feci
261 2728 269 2769 τ
292 2702 375 2799 qrp'd
395 2703 486 2773 enim
509 2717 643 2798 poterat
662 2702 768 2773 Heius
788 2703 1010 2798 respondere,
1030 2702 1058 2772 si
1077 2717 1164 2771 essct
1182 2701 1314 2795 impro-

174 2816 249 2901 bus,
272 2817 299 2885 si
323 2817 374 2887 sui
392 2816 589 2905 dissimilis?
616 2821 698 2889 Esse
715 2818 771 2888 illa
797 2819 893 2915 signa
909 2818 1003 2888 domi
1029 2843 1110 2904 suae,
1142 2844 1213 2887 non
1242 2841 1313 2886 esse

175 2931 266 3025 apud
295 2930 470 3002 Verrem?
497 2933 566 3023 Qui
593 2947 728 3029 poterat
758 2933 943 3028 quicquam
975 2932 1141 3026 ejusmodi
1172 2928 1314 3001 dicere?

176 3047 223 3116 Ut
239 3045 343 3115 homo
364 3047 578 3142 turpissimus
602 3060 690 3117 essct
710 3047 1072 3143 impudentissimeque
1096 3046 1310 3129 mentiretur,

175 3350 207 3365 -
220 3328 243 3374 R
253 3343 297 3372 om.
316 3343 378 3397 eum.
391 3352 424 3364 -
437 3334 474 3375 te.
488 3329 510 3375 lt
522 3328 616 3389 prodixi
629 3328 704 3389 prima
719 3326 772 3391 (om.
788 3326 866 3391 enm),·
881 3329 932 3374 cod.
944 3327 979 3374 al.
996 3328 1096 3388 produxi
1109 3343 1166 3397 ¹enm
1180 3328 1265 3387 prima.

175 3507 214 3539 ees
230 3492 306 3552 abiete
318 3492 414 3552 n'aynnt
427 3508 470 3553 pas
488 3493 518 3539 dc
533 3493 630 3549 limites,
644 3492 662 3538 il
680 3493 719 3554 η’]
773 3507 838 3554 grec,
850 3501 886 3537 est
902 3506 931 3535 an
947 3491 1064 3536 contraire
1078 3491 1120 3536 des
1137 3493 1190 3552 plus
1208 3507 1270 3536 mres
1287 3506 1316 3536 cn

174 3578 228 3609 en·
240 3578 283 3624 pas
293 3578 340 3609 non
351 3563 405 3623 plus
418 3578 463 3608 nux
472 3564 526 3624 prix
539 3563 609 3625 qu'ils
618 3573 719 3624 perirent
773 3563 840 3609 latin.
859 3561 897 3609 Cf.
913 3566 1014 3619 Brutus,
1034 3568 1078 3608 2⁹5
1096 3563 1151 3625 fin,
1171 3573 1195 3608 et
1223 3563 1316 3624 Madvig

175 3634 301 3680 utteindre.
774 3649 813 3679 sur
826 3636 861 3680 De
877 3631 931 3679 rin.
946 3633 974 3689 V,
990 3639 1012 3678 8.

205 3702 314 3765 Aliqua:
325 3703 429 3764 Madvig,
444 3708 499 3758 494,
513 3719 538 3760 α,
551 3704 615 3750 Rem.
629 3710 650 3749 t.
802 3707 880 3751 Dum:
895 3719 925 3748 cn
938 3702 1032 3749 molant
1043 3704 1141 3764 templir
1152 3720 1194 3750 son
1203 3705 1314 3752 mundata

206 3774 273 3823 Ab...
292 3772 330 3821 Cf.
355 3779 384 3820 37
403 3791 408 3820 :
426 3788 442 3818 a
463 3776 497 3820 M.
517 3773 617 3820 catio...
640 3773 718 3819 obstat·
771 3775 826 3820 d’ob
842 3774 1011 3835 lesubjonctil'.

175 3842 257 3890 toti...
270 3859 285 3890 a
308 3845 339 3902 Q.
359 3843 454 3889 Lutatio
470 3843 719 3890 Diodoro.Voirl{ell·
804 3851 840 3892 te.
859 3843 968 3892 commi
977 3863 985 3889 .·
997 3844 1022 3906 je
1036 3846 1098 3892 m'en
1112 3847 1158 3892 suis
1175 3846 1314 3908 rapporttb

175 3912 252 3970 nuth,
267 3912 283 3976 5
298 3920 336 3960 57.
356 3915 392 3960 Aa
410 3914 526 3959 contraire
550 3920 611 3960 tis:
629 3913 718 3977 eripere
772 3931 814 3961 son
835 3914 991 3977 temoignnge.
1021 3918 1084 3962 Pour
1109 3917 1214 3977 l'emploi
1237 3919 1267 3962 de
1288 3932 1316 3963 ee

175 3984 243 4030 dem.
771 3985 841 4031 verbe
860 4000 912 4031 sans
929 3984 1027 4048 regimc,
1039 3986 1070 4033 el.
1087 3989 1120 4032 les
1135 3989 1253 4048 excmples
1269 4003 1314 4049 que

208 4061 246 4101 tt.
257 4053 377 4101 Communi
386 4053 482 4099 cornilio
494 4053 600 4100 renlorec
608 4053 718 4117 publice.-
771 4056 818 4102 cite
836 4057 960 4117 Mergnet,
975 4072 1004 4102 en
1018 4073 1033 4119 y
1046 4058 1152 4116 ajoutant
1168 4075 1173 4102 ι
1193 4062 1270 4113 Tusa,
1286 4059 1313 4114 V,

175 4138 221 4185 par·
234 4138 278 4170 nne
293 4123 421 4170 risolution
432 4124 495 4185 prise
510 4141 539 4170 no
552 4141 606 4171 nom
620 4125 651 4170 de
667 4135 719 4171 tous
773 4133 801 4173 st
815 4125 858 4183 lm,
871 4136 896 4172 et
909 4125 939 4172 ef.
953 4126 1067 4183 Terence,
1084 4131 1167 4173 deaut.
1182 4130 1209 4183 V,
1222 4142 1250 4182 11,
1266 4134 1293 4172 ⁴3
1307 4144 1313 4172 :

176 4190 242 4256 (opp.
253 4192 365 4257 privato),
379 4195 439 4240 done
456 4209 500 4255 par
514 4210 559 4241 une
571 4195 675 4240 decision
688 4196 718 4240 dn
772 4195 795 4241 ei
805 4194 912 4241 commisi
921 4205 945 4241 ct
960 4195 1050 4241 credidi
1063 4195 1103 4256 (sc.
1125 4197 1170 4240 dac
1187 4217 1195 4242 .·
1214 4212 1250 4239 ma
1270 4198 1314 4239 tor·

176 4263 243 4310 senet
254 4265 388 4311 mamertia.
771 4265 852 4329 tune)·,
863 4265 974 4327 Adelph„
987 4272 1032 4312 9⁹5
1044 4285 1049 4312 ι
1061 4267 1124 4321 Tibi,
1135 4276 1212 4326 pater,
1219 4263 1315 4327 permit·

207 4335 266 4381 Sola
277 4336 323 4381 :dc
332 4336 410 4382 meme
425 4343 469 4383 {⁶0
479 4336 512 4382 r'n.
773 4335 851 4382 timus.

207 4404 316 4457 Primus.-
329 4407 359 4452 cl.
375 4412 403 4452 ³7
417 4423 424 4452 z
432 4406 508 4470 primo
517 4406 618 4454 bomine.
802 4407 918 4464 Produxi,
933 4424 965 4453 re.
979 4424 1040 4453 eum.

207 4475 314 4539 Nasam
327 4475 422 4537 dipcnd
433 4479 463 4523 de
477 4476 547 4523 l'idec
559 4479 589 4524 dc
603 4487 628 4523 ut
642 4494 720 4524 veren-
802 4474 1312 4541 ΡνὺιιαεοηάἰῑὸςπΙοωοιιῑερνίηια(83163)

176 4545 232 4593 dum
248 4545 281 4592 eit
298 4547 414 4608 eomprbc
434 4547 492 4593 dens
510 4548 544 4594 les
561 4548 719 4609 propositione
771 4558 797 4595 et
801 4545 870 4612 prior
885 4547 925 4612 (V,
940 4554 982 4594 {55
996 4549 1029 4598 in.
1042 4558 1067 4593 et
1080 4553 1124 4594 {58
1130 4546 1182 4610 stu)
1194 4548 1264 4595 aetio.

177 4612 338 4677 prtctdmm.
358 4616 428 4664 Cotto
443 4617 536 4678 ellipse,
548 4615 673 4678 frequente
690 4634 720 4664 cn
803 4617 833 4665 Sr'
841 4627 929 4664 essct...
941 4635 950 4662 .-
961 4616 1024 4664 snt-it

275 4738 413 4775 numu.
1186 4720 1201 4770 9
