3210 5384
282 461 339 518 tot
517 467 558 524 ΙΝ
579 467 610 523 C.
634 467 812 522 VERREM
837 466 992 535 actu,
1015 468 1094 525 LlB.
1118 468 1171 538 IV,

277 599 390 671 verbis
413 612 522 694 rogat,
546 611 584 666 ut
604 597 639 666 id
648 597 691 667 ad
700 621 735 667 se
756 596 887 666 mittat:
918 622 1044 692 cupere
1074 624 1109 668 se
1136 598 1219 669 dicit
1242 600 1411 698 inspicere

278 739 390 811 neque
416 737 451 782 se
475 713 547 781 aliis
573 710 710 781 videndi
735 724 936 806 potestatem
963 737 1035 783 esse
1055 713 1237 784 iacturum.
1262 721 1323 806 [65]
1344 720 1410 786 An·

277 828 424 914 tiochus‚
448 828 506 922 qui
529 826 642 896 animo
664 841 698 897 et
716 827 840 921 puerili
860 843 949 898 esset
965 842 1000 897 et
1016 829 1124 924 regio,
1148 830 1234 898 nihil
1256 830 1299 901 de
1317 831 1411 902 istius

277 943 493 1040 improbitate
510 941 699 1036 suspicatus
713 955 780 1028 est;
796 942 941 1037 imperat
954 943 1034 1028 suis,
1051 958 1089 1013 ut
1103 944 1138 1013 id
1159 945 1194 1013 in
1213 947 1410 1039 praetorium

277 1060 467 1130 involutum
489 1082 589 1152 quam
616 1057 843 1126 occultissime
868 1056 1054 1128 dcserrent.
1085 1061 1165 1148 Quo
1189 1074 1410 1156 posteaquam

276 1175 463 1245 attulerunt
477 1171 730 1266 involucrisque
746 1172 881 1264 rejectis
900 1173 1162 1260 constituerunt,
1184 1175 1331 1247 clamare
1349 1177 1410 1248 iste

277 1291 379 1385 coepit
393 1288 531 1383 dignam
550 1312 621 1356 rem
637 1311 710 1356 esse
721 1310 829 1382 regno
845 1275 962 1381 Syriae,
984 1287 1121 1383 dignam
1137 1290 1234 1385 regio
1250 1317 1406 1378 munere,

278 1405 416 1500 dignam
438 1401 621 1497 Capitolio.
650 1401 785 1470 Etenim
810 1415 883 1470 erat
907 1426 949 1471 eo
975 1403 1170 1497 splendore,
1198 1405 1256 1500 qui
1279 1431 1320 1475 ex
1343 1408 1407 1476 cla·

275 1519 414 1590 rissimis
431 1531 466 1587 et
486 1514 727 1612 pulcherrimis
747 1515 891 1611 gemmis
909 1541 981 1587 esse
1003 1516 1165 1606 debebat3
1188 1544 1227 1589 ea
1246 1521 1408 1592 varietate

274 1660 430 1730 operum,
454 1646 491 1701 ut
509 1656 563 1701 ars
580 1645 712 1701 certare
731 1629 907 1702 videretur
930 1657 1008 1702 cum
1032 1634 1148 1729 copia3
1173 1659 1213 1704 ea
1240 1637 1406 1732 magnitu-

274 1751 366 1834 dine,
388 1762 426 1818 ut
446 1747 597 1842 intellegi
617 1760 732 1841 posset
749 1771 820 1815 non
843 1746 886 1816 ad
906 1746 1084 1818 hominum
1108 1749 1320 1844 adparatum,
1349 1752 1408 1822 sed

272 1864 315 1935 ad
335 1862 530 1958 amplissimi
554 1862 673 1956 templi
698 1875 857 1930 ornatum
876 1887 948 1932 esse
965 1862 1105 1932 factum.
1134 1867 1222 1933 Cum
1244 1867 1323 1936 satis
1338 1867 1407 1960 jam

273 1979 483 2076 perspexisse
503 1977 689 2062 videretur,
717 1977 837 2047 tollere
861 1977 1041 2072 incipiunt,
1069 1993 1108 2048 ut
1131 1978 1312 2049 referrent.
1340 1984 1407 2052 Iste

272 2096 319 2164 ait
332 2119 367 2165 se
379 2094 464 2163 velle
482 2092 566 2161 illud
584 2092 685 2161 etiam
700 2105 802 2186 atque
814 2092 915 2161 ctiam
932 2092 1167 2181 considerare3
1189 2120 1405 2191 nequaquam

272 2235 307 2280 sc
327 2234 399 2280 esse
418 2208 586 2277 satiatum.
607 2208 709 2276 Jubet
733 2206 808 2276 illos
831 2205 1008 2276 discedere
1032 2221 1066 2277 et
1090 2208 1333 2280 candelabrum
1353 2236 1403 2280 re-

272 2325 444 2420 linquere,
467 2323 515 2392 sic
535 2322 582 2391 illi
602 2336 676 2391 tum
696 2321 813 2390 inanes
832 2320 875 2390 ad
894 2321 1102 2391 Antiochum
1121 2338 1353 2394 revertuntur.

319 2442 449 2509 XXIX.
477 2443 538 2526 [66]
566 2439 637 2506 Rex
663 2436 774 2531 primo
800 2435 886 2505 nihil
913 2451 1082 2522 metuere,
1108 2436 1195 2507 nihil
1225 2441 1400 2535 suspicari.

271 2555 352 2623 Dies
371 2578 471 2637 unus,
490 2552 587 2637 alter,
608 2552 744 2646 plures:
765 2577 835 2621 non
852 2551 986 2622 referri.
1005 2555 1094 2623 Tum
1111 2553 1225 2642 mittit,
1247 2557 1274 2626 si
1292 2556 1402 2628 videa-

270 2682 342 2752 tur,
363 2680 401 2735 ut
420 2664 540 2735 reddat
562 2693 569 2732 ε
589 2666 687 2758 jubet
709 2665 771 2735 iste
796 2666 964 2760 posterius
990 2667 1088 2738 adse
1112 2669 1250 2739 reverti.
1275 2671 1403 2741 Mirum

270 2781 316 2848 illi
333 2780 454 2865 videri,
470 2779 573 2848 mittit
587 2781 730 2848 iterum:
744 2803 815 2848 non
829 2780 997 2849 redditur.
1012 2784 1089 2877 Ipse
1104 2782 1278 2856 hominem
1289 2789 1402 2882 appel·

270 2896 331 2981 lat3
352 2909 449 2990 rogat
467 2907 505 2962 ut
523 2894 654 2963 reddat.
676 2895 725 2963 Os
744 2893 891 2964 hominis
910 2895 1148 2994 insignemque
1169 2898 1401 2996 inpudentiam

268 3009 477 3105 cognoscite.
508 3008 612 3099 Quod
638 3007 755 3094 sciret,
786 3008 879 3103 quod
905 3034 947 3080 ex
979 3011 1052 3106 ipso
1084 3038 1165 3109 rege
1191 3014 1338 3085 audisset
1367 3018 1403 3087 in

267 3125 436 3220 Capitolio
456 3149 528 3194 esse
541 3122 755 3218 ponendum,
776 3124 869 3218 quod
880 3125 957 3194 tovi
974 3125 1116 3221 Optimo
1130 3130 1292 3216 Maximo,
1308 3133 1401 3227 quod

267 3241 394 3336 populo
418 3243 572 3310 Romano
592 3239 719 3310 servari
737 3238 880 3325 videret,
904 3240 939 3309 id
958 3241 1022 3311 sibi
1040 3257 1077 3312 ut
1096 3243 1252 3331 donaret,
1277 3273 1400 3343 rogare

267 3369 301 3426 ct
327 3354 624 3425 vehementissime
648 3368 765 3449 petere
790 3354 903 3448 coepit.
935 3357 1022 3424 Cum
1043 3356 1099 3426 ille
1123 3383 1159 3428 se
1181 3372 1215 3428 et
1234 3361 1400 3457 religione

265 3471 359 3540 lovis
369 3470 553 3565 Capitolini
570 3483 605 3540 et
621 3468 800 3539 hominum
815 3468 1061 3540 existimatione
1077 3471 1236 3567 impediri
1253 3474 1395 3563 diceret,

289 3671 441 3715 vanuum:
455 3670 545 3713 Ilerdes
562 3662 648 3732 [dietih
661 3693 693 3704 -
709 3675 747 3714 tt.
765 3667 786 3714 ll
801 3665 835 3714 11¹
851 3682 902 3714 eus
920 3677 945 3714 et
962 3669 1046 3730 religio
1059 3669 1124 3719 nihil.
1142 3694 1173 3706 -
1189 3688 1206 3733 p
1221 3682 1284 3730 tang
1300 3674 1321 3723 lt
1337 3685 1393 3724 um.

292 3863 330 3904 ot·
348 3852 491 3904 Purih'...,·
507 3852 614 3914 ignorant
632 3850 754 3898 meulent
768 3851 802 3896 les

886 3858 1179 3921 Eleuthernan-depr&
1186 3868 1396 3924 notregodtetnos

261 3942 333 3984 ma,
354 3935 378 3971 et
401 3939 431 3970 en
451 3923 488 3969 roi
509 3924 543 3969 les
560 3923 676 3969 huenen
689 3923 744 3968 d'un
768 3921 801 3967 tel

856 3927 988 3985 habitudet,
998 3939 1061 3975 cette
1073 3930 1216 3992 description
1230 3931 1344 3980 nest-elle
1354 3951 1395 3995 pas

259 3999 361 4046 mnne.

290 4069 400 4117 clumam
422 4065 466 4112 teu
491 4064 573 4128 σοφὰ,
594 4080 624 4111 ιιι
643 4065 691 4111 lien
711 4064 741 4110 de
759 4062 801 4109 iste

258 4138 369 4188 clamarit
392 4155 401 4182 r
428 4134 505 4182 lonne
529 4136 560 4182 de
582 4136 605 4183 la
628 4136 713 4197 langue
731 4134 800 4180 fami-

259 4211 326 4270 titre,
347 4208 565 4272 particulierenent
592 4205 716 4268 frequente
743 4207 800 4251 dans

259 4281 283 4328 le
305 4280 405 4341 langage
422 4293 468 4341 que
494 4275 598 4322 Terence
620 4276 687 4336 prete
709 4288 801 4319 auxes·

262 4351 347 4397 eleves.

289 4419 392 4479 Dignam
406 4414 474 4476 regio
486 4429 609 4460 mre...
624 4414 721 4477 dignam
732 4420 801 4480 Capt-

258 4489 327 4536 tolio:
349 4489 379 4533 de
393 4486 481 4541 anime,
492 4485 551 4530 mi·
562 4486 620 4531 dm
633 4487 656 4533 Ιι
669 4486 758 4536 bouem
770 4490 800 4537 de

259 4558 371 4605 citeron:
387 4558 418 4612 V,
435 4560 477 4602 184
487 4553 520 4601 in.

857 3997 906 4044 tt·
918 3998 962 4044 loia
977 4010 1030 4060 trop
1042 4000 1154 4047 verbenae
1170 4012 1195 4048 et
1209 4013 1264 4063 trop
1278 4005 1365 4066 raguel

887 4071 918 4117 Ut
932 4069 1085 4131 intellegi....·
1098 4072 1202 4118 variante
1221 4074 1251 4119 de
1266 4085 1328 4120 cette
1344 4074 1394 4120 lor-

855 4138 916 4184 mnle
936 4139 1120 4201 qu'ad'eetionne
1137 4142 1257 4190 ciceron:
1279 4155 1306 4189 ιε
1319 4145 1395 4208 quivis

857 4208 989 4272 intellegere
1001 4211 1085 4272 possit.

884 4281 977 4326 [nones.
991 4280 1027 4327 Cl.
1044 4287 1072 4326 to
1081 4279 1132 4343 fin.

884 4352 968 4396 xxix.
988 4358 1025 4397 σθ.
1038 4354 1108 4404 Uram,
1124 4351 1195 4408 alter,
1207 4352 1289 4415 plures
1304 4352 1392 4412 rem,

854 4435 927 4475 xxix,
941 4427 969 4468 7⁶
982 4421 1014 4467 in.

884 4490 1016 4553 Religdme,
1025 4493 1099 4553 pule
1108 4508 1158 4539 m
1168 4493 1226 4555 qu'il
1237 4509 1267 4540 en
1278 4495 1339 4540 mit
1351 4495 1392 4543 fait

853 4562 886 4608 t..
905 4578 911 4607 ε
922 4576 984 4608 xxix
987 4563 1028 4626 fin
1036 4581 1044 4608 .·
1050 4565 1100 4625 jan
1110 4573 1217 4611 neate...
1226 4576 1389 4612 consecratum.
