3150 5378
535 422 587 477 nn
615 421 773 489 meurs,
803 419 840 502 pp
868 423 982 482 rar-te.
1278 434 1329 489 151

194 575 261 618 non
281 550 437 619 abstulit:
463 551 588 620 nollem
609 551 749 639 dixisse;
768 552 907 645 jactabit
928 578 962 623 se
982 555 1070 623 etin
1092 554 1145 623 his
1165 555 1330 650 equitabit

192 664 330 734 eculeis.
364 692 380 730 r<
409 664 502 751 Emi3
534 664 714 759 pecuniam
741 666 837 735 solvi.
872 694 888 731 u
911 667 1049 736 Credo:
1082 667 1183 737 etiam
1207 670 1329 738 tabulae

193 778 429 873 proferentur;
460 779 653 848 estuanti:
682 780 768 849 cedo
793 781 941 867 tabulas;
976 782 1069 852 dilue
1095 807 1174 852 sane
1199 784 1329 866 crimen

193 893 259 963 hoc
276 892 503 979 Calidianum,
527 893 608 962 dum
627 919 691 990 ego
713 895 843 989 tabulas
862 896 1015 990 aspicere
1034 898 1173 992 possim.
1197 901 1327 994 Verum

193 1025 305 1079 tamen
322 1009 405 1104 quid
422 1023 494 1078 erat
509 1008 602 1104 quod
617 1008 769 1078 Calidius
780 1012 895 1078 Romae
907 1028 1111 1105 quereretur
1125 1037 1172 1098 se,
1192 1038 1270 1082 cum
1280 1029 1330 1083 tot

193 1150 299 1194 annos
309 1124 345 1193 in
360 1124 474 1193 Sicilia
486 1124 733 1219 negotiaretur,
747 1150 766 1194 a
781 1140 814 1195 te
826 1126 899 1194 solo
914 1126 960 1195 ita
972 1151 1045 1196 esse
1062 1144 1325 1224 comtemptum,

194 1241 238 1310 ita
255 1241 465 1335 despectum,
489 1254 526 1309 ut
541 1240 641 1309 etiam
657 1266 724 1309 una
742 1266 820 1310 curn
838 1241 960 1311 ceteris
980 1241 1103 1312 Siculis
1120 1243 1330 1339 despoliare-

195 1353 276 1426 tur?
293 1355 329 1424 Si
348 1380 490 1441 emeras,
510 1354 593 1449 quid
609 1369 683 1425 erat
696 1355 789 1451 quod
803 1355 1025 1426 confirmabat
1037 1382 1071 1427 se
1084 1358 1143 1427 abs
1158 1373 1193 1428 te
1210 1383 1328 1454 argeu-

195 1486 264 1539 tum
276 1495 347 1540 esse
365 1470 603 1564 repetiturum,
618 1469 644 1539 si
655 1469 690 1539 id
700 1470 762 1540 tibi
773 1496 831 1540 sua
846 1472 1020 1542 voluntate
1034 1471 1258 1543 vendiderat?
1277 1476 1329 1541 Tu

196 1611 297 1680 porro
318 1610 432 1679 posses
452 1586 577 1671 iacere,
601 1600 639 1654 ut
657 1587 723 1654 Cn.
744 1584 877 1655 Calidio
896 1611 967 1655 non
986 1587 1160 1673 redderes,
1183 1612 1329 1683 praeser-

193 1701 254 1770 tim
271 1726 348 1769 cum
365 1701 392 1768 is
405 1702 447 1769 L.
471 1700 624 1786 Sisenna,
649 1699 829 1770 defensore
849 1716 920 1786 tue,
943 1715 1011 1771 tam
1030 1701 1242 1772 familiariter
1258 1716 1328 1772 ute-

196 1831 300 1903 retur,
324 1831 357 1885 et
376 1840 455 1884 curn
469 1815 592 1885 ceteris
611 1814 833 1884 familiaribus
848 1815 998 1907 Sisennae
1016 1816 1244 1887 reddidisses?

243 1936 305 2022 [lt]
318 1931 475 2025 Denique
488 1955 558 1999 non
572 1929 697 2024 opinor
711 1943 913 2025 negaturum
930 1955 1003 2002 esse
1015 1945 1049 2000 te
1064 1930 1194 2000 homini
1207 1931 1328 2002 hones·
1341 1974 1353 2063 p

195 2071 241 2142 to,
263 2054 322 2125 sed
341 2079 411 2123 non
430 2051 622 2148 gratiosiori
642 2077 745 2147 quam
770 2055 836 2122 Cn.
859 2052 1011 2122 Calidius
1030 2068 1092 2139 est,
1116 2056 1157 2122 L.
1185 2054 1348 2144 Curidiu-

196 2187 227 2241 te
251 2183 429 2266 argentum
453 2193 516 2263 per
543 2169 778 2254 Potamonem,
806 2167 953 2236 amicum
976 2183 1089 2254 tuum,
1117 2167 1325 2240 reddidisse.
1346 2104 1355 2214 l

194 2285 262 2376 Qui
282 2284 420 2381 quidem
441 2298 635 2353 ceterorum
653 2307 788 2351 causam
804 2282 895 2377 apud
913 2297 947 2352 te
967 2281 1196 2353 difficiliorem
1216 2283 1298 2352 fecit
1319 2306 1327 2367 ;

194 2427 272 2471 nam
291 2424 370 2470 cum
389 2414 423 2469 te
440 2397 674 2493 compluribus
693 2396 928 2467 confirmasses
945 2396 1173 2484 redditurum,
1192 2412 1329 2493 postea-

224 2631 365 2677 vanuum
380 2644 386 2673 ε
399 2629 434 2690 llp
446 2625 545 2683 dixisse,
556 2626 607 2671 edd.
619 2625 737 2673 dixissem.
747 2626 809 2674 -1t
818 2626 1009 2689 negociantur...
1021 2635 1157 2671 contentum
1168 2623 1196 2688 (p
1209 2625 1331 2673 aedessas

194 2703 222 2748 cle
234 2698 284 2765 I'n).
294 2726 326 2735 -
340 2701 428 2759 Kayser
437 2696 613 2758 despoliaretur,
630 2695 650 2741 ei
662 2696 767 2741 emeras?
778 2696 870 2755 Quid...
884 2694 958 2760 (Mais
970 2696 1018 2741 voir
1029 2695 1137 2756 Madvig,
1145 2698 1180 2742 De
1190 2694 1256 2750 rin,
1267 2696 1287 2750 1,
1296 2692 1329 2757 7).

194 2789 251 2835 -p
267 2770 397 2832 petituram
419 2765 458 2831 (ci.
474 2773 503 2814 ⁸³
513 2765 573 2831 fin).
593 2766 659 2813 -il
675 2768 754 2829 Lagg.
769 2767 789 2813 si
803 2767 841 2824 id;
858 2784 876 2829 p
891 2769 953 2829 Lag.
966 2772 995 2812 22
1009 2784 1025 2832 φ
1038 2766 1067 2813 si.
1082 2791 1113 2802 -
1133 2766 1207 2813 aaa
1223 2764 1328 2811 reddisse

195 2842 233 2906 (ei.
251 2840 298 2906 2⁹).

195 2997 224 3042 de
244 2992 374 3040 correction
393 2989 443 3054 qui,
461 2991 492 3036 de
506 3005 549 3035 eon
567 2999 652 3050 tempe,
675 2987 732 3035 tuit

195 3066 275 3127 passie
289 3074 341 3109 tout
354 3061 418 3107 ‘nisit
432 3062 489 3107 dans
501 3060 596 3123 l’nsage.

224 3135 314 3182 Nouem
324 3131 418 3178 dixisse.
425 3131 494 3187 Volo,
500 3131 561 3187 nolo,
570 3141 672 3190 pausent
681 3145 732 3176 sans

194 3209 265 3253 dente
279 3221 303 3251 ee
321 3203 449 3250 construis-e
468 3217 522 3247 avec
545 3200 657 3247 l'inlinitit
676 3214 682 3244 ε
702 3215 733 3246 on

194 3279 229 3324 dit
242 3277 297 3322 bien
313 3292 320 3321 e
343 3272 405 3320 volui
418 3272 504 3328 dicere,
514 3272 602 3333 jacere
615 3268 673 3333 (ee),
687 3285 733 3314 eu·

194 3349 253 3402 dire,
268 3356 313 3392 ete.
334 3345 471 3404 Cependant
489 3358 543 3388 aree
559 3340 635 3397 velim,
652 3339 732 3395 nolim,

195 3418 288 3473 nollem,
309 3415 441 3476 exprimant
460 3429 491 3458 nn
514 3412 614 3467 soubait,
635 3409 734 3458 Cieiren

195 3499 243 3535 met
257 3490 280 3535 le
294 3488 346 3547 plus
364 3494 460 3531 seuvent
474 3485 496 3530 le
515 3483 601 3529 second
614 3481 684 3528 verbe
705 3496 734 3526 au

195 3558 327 3619 subjunctis.
340 3560 376 3603 On
389 3556 434 3601 cite
448 3555 502 3601 bien
518 3554 540 3599 la
555 3552 655 3599 iormule
666 3551 733 3598 eelim

195 3630 269 3682 πίνω
277 3630 379 3674 d'autres
389 3626 508 3686 exemples
516 3622 592 3687 (Prae.
603 3626 681 3680 Cena,
689 3628 732 3668 st:

196 3702 240 3748 hoe
254 3699 322 3745 velim
337 3697 438 3760 probare
460 3695 586 3752 omnibne3
600 3696 625 3741 V
625 3710 684 3751 ern,
701 3694 733 3748 ll,

194 3776 237 3813 tet
248 3766 297 3811 im:
311 3764 378 3810 velim
390 3777 489 3824 querere
496 3777 558 3807 nune
571 3776 599 3806 ex
614 3761 666 3822 ipso
679 3765 738 3842 Me..

194 3838 262 3892 tello,
274 3837 319 3891 Ill,
328 3838 357 3879 23
367 3848 373 3876 z
385 3848 484 3893 quem...
494 3832 597 3878 odissent
608 3848 686 3893 neque
701 3833 734 3878 ei-

192 3902 345 3968 demeruerat)
354 3921 361 3958 ς
370 3903 429 3948 mais
443 3919 518 3949 aucun
528 3901 613 3962 pariait
626 3904 655 3948 de
665 3903 733 3949 t’intt·

193 3978 358 4026 nitittaetexte
366 3984 400 4020 est
408 3973 556 4030 douteu1,de
564 3976 640 4019 me'me
647 3975 716 4035 qu'iei
726 3991 732 4019 t

194 4051 240 4096 Pro
254 4047 340 4102 Sestio,
351 4050 403 4100 i02,
413 4056 437 4090 et
452 4047 498 4092 Pro
510 4044 604 4100 Flacco,
613 4051 641 4088 7⁶
655 4045 686 4092 iu.
699 4049 733 4092 Μ.

195 4118 310 4174 Scbmalz,
325 4115 389 4163 Berl.
399 4115 481 4161 Wocle.
494 4117 540 4172 IX,
550 4131 574 4175 p.
584 4121 628 4161 ³0⁶
643 4133 672 4162 nu
683 4118 733 4173 bas,

195 4190 298 4237 sentient
320 4196 388 4233 notre
412 4188 478 4248 leeon
498 4194 523 4232 et
556 4186 602 4232 cite
618 4188 733 4248 plusieurs

197 4260 323 4321 exemples.

227 4329 335 4378 Etiam...
350 4327 458 4374 n'nmine
475 4342 518 4386 pas
532 4342 575 4371 nne
590 4325 690 4387 ripense
705 4329 735 4374 de

195 4400 289 4457 Verres,
311 4399 368 4445 maia
387 4414 432 4444 une
454 4397 591 4443 eoneemion
608 4397 734 4444 insidieuse

195 4474 225 4519 de
242 4471 360 4519 Cieirun:
377 4479 403 4516 tn
422 4470 522 4515 voudras
540 4481 591 4513 sane
611 4469 683 4516 deute
697 4484 735 4515 me

195 4554 327 4592 mentrer...

228 4614 338 4662 Tabulae
365 4626 396 4657 on
420 4621 472 4657 sent
495 4611 613 4672 ponrqnoi
639 4611 662 4657 le
687 4622 737 4661 mot

789 2995 825 3032 est
852 2981 934 3045 eripite
958 2983 1018 3028 troia
1048 2983 1091 3028 lois
1110 2983 1167 3029 dans
1187 2983 1211 3030 ln
1233 2986 1325 3045 pbr-ase.

818 3057 861 3101 Bet
876 3053 938 3099 tanti
948 3067 957 3099 :
969 3052 1021 3097 noir
1033 3059 1062 3098 28
1081 3068 1087 3096 ι
1099 3051 1149 3111 suit
1165 3054 1234 3102 tenti.

818 3128 897 3171 Sane:
909 3125 933 3183 je
948 3139 1042 3169 consens
1063 3125 1075 3167 'a
1091 3114 1142 3169 titre
1156 3124 1232 3170 relute'
1247 3141 1286 3170 sur
1299 3141 1328 3172 ee

790 3195 887 3257 proint...

819 3263 1327 3328 Verumtamen:sousuneiormeironique,

790 3335 917 3383 refutetion
930 3336 959 3379 de
978 3344 1040 3379 cette
1054 3333 1185 3395 pritendue
1200 3351 1297 3396 prensa.

820 3404 1007 3467 Despoliari-erm:
1022 3406 1071 3451 seul
1089 3404 1192 3465 exemple
1211 3408 1282 3467 qu'on
1296 3408 1330 3456 ait
1415 3451 1417 3454 ,

790 3479 819 3522 ‹le
832 3492 858 3522 ce
875 3475 945 3521 verbe
956 3476 1014 3521 dans
1029 3473 1135 3521 Cieiron.

820 3546 884 3608 Quid
898 3556 948 3591 erat
968 3548 1029 3610 qaod
1043 3567 1051 3593 .·
1065 3557 1181 3594 comment
1203 3565 1227 3596 se
1242 3549 1330 3610 sait·il

791 3635 866 3681 qne...

825 3693 859 3736 Tu
866 3705 946 3752 perm.
960 3689 980 3736 11
989 3685 1039 3736 iant
1048 3689 1160 3751 supplies·
1167 3691 1189 3738 la
1199 3690 1332 3737 conclusion

792 3761 823 3807 dn
844 3761 1017 3807 raisonnement
1039 3759 1167 3821 prdeedent
1186 3778 1192 3808 ε
1215 3777 1272 3824 ergo
1287 3777 1333 3807 non

792 3832 879 3888 emisti,
900 3833 941 3878 sed
959 3831 1082 3878 abstulisti.
1105 3831 1205 3879 Ciceren
1224 3832 1292 3878 luisse
1312 3834 1333 3878 la

792 3903 860 3949 these
872 3903 902 3949 de
913 3903 1009 3956 Verres.
1022 3919 1083 3963 pour
1095 3903 1186 3951 revenir
1197 3905 1210 3949 i
1221 3904 1243 3949 la
1258 3903 1333 3949 situa-

793 3975 844 4020 tion
861 3974 924 4020 vraie
940 3991 945 4020 ε
962 3974 1020 4020 mais
1039 3973 1108 4036 apris
1123 3974 1184 4030 cela,
1201 3974 1332 4035 croyais-tu

792 4045 905 4091 animent
914 4044 1013 4105 pouvoir
1026 4044 1084 4091 inire
1099 4054 1230 4091 entrement
1243 4060 1288 4106 que
1302 4045 1332 4090 de

792 4116 826 4163 les
839 4117 932 4171 rendre,
947 4115 1054 4176 quand...

821 4186 920 4234 Sisenem
939 4206 947 4232 .·
963 4186 1013 4230 noir
1028 4201 1070 4242 xv,
1086 4193 1124 4233 8³.

823 4264 861 4304 44.
874 4256 979 4304 Amicum
993 4266 1056 4301 turem
1070 4274 1078 4301 .·
1093 4255 1192 4302 Ciciron
1205 4256 1241 4302 dit
1255 4257 1268 4301 i
1284 4256 1334 4302 Ca·-

792 4329 858 4375 ciliue
876 4344 937 4389 pour
949 4327 983 4373 lui
999 4343 1099 4387 prouver
1119 4327 1176 4387 qu'il
1190 4324 1248 4371 tuit
1272 4326 1334 4371 d'ae·

793 4401 848 4444 cord
864 4414 919 4445 avec
930 4398 1026 4444 Verris:
1040 4397 1103 4452 Dia,
1118 4402 1148 4441 22
1160 4413 1166 4442 2
1180 4398 1332 4443 Potamonem

792 4468 890 4513 scribam
910 4477 934 4512 et
956 4465 1096 4511 familiarem
1114 4475 1195 4520 tuum,
1215 4474 1333 4510 retentam

793 4554 842 4584 erse
855 4540 951 4583 aVerre
960 4537 985 4582 in
994 4535 1111 4597 provincie
1127 4550 1179 4580 eum
1194 4544 1219 4581 ta
1235 4534 1331 4582 decede·

792 4623 838 4655 m·
1148 4618 1151 4623 .
