3150 5378
537 488 588 541 on
613 483 863 550 succinens,
884 479 921 563 tt
943 483 1056 575 oa-oo.
1297 483 1354 537 arr

266 618 392 683 XXVI.
420 626 484 701 [65]
503 656 550 667 —
565 615 764 707 Conjectura
782 630 843 683 est.
856 654 904 667 -
918 613 1024 681 Judcx
1042 639 1111 682 esse
1127 615 1235 684 bonus
1255 640 1354 685 nemo

221 745 339 824 potest,
360 731 417 824 qui
439 729 623 824 suspitione
646 743 736 797 certa
756 720 823 796 non
843 744 1010 798 movetur.
1034 728 1211 797 Hominem
1237 731 1352 820 nostis,

220 845 493 914 consuetudinem
512 845 663 913 omnium
689 843 833 912 tenetis:
861 842 919 936 qui
941 842 1059 912 ducem
1080 843 1279 937 proedonum
1296 863 1353 915 aut

220 960 363 1027 hostium
381 959 519 1053 ceperit,
543 983 644 1052 quam
670 958 811 1026 libenter
829 982 905 1025 eum
929 956 1037 1050 palam
1055 972 1132 1026 ante
1150 958 1266 1027 oculos
1280 985 1354 1028 om-

219 1074 312 1141 nium
336 1100 405 1143 esse
427 1074 569 1169 patitur!
586 1067 774 1140 'Hominem
803 1072 837 1138 in
870 1086 963 1140 tanto
991 1087 1159 1140 conventu
1184 1075 1356 1167 Syracusis

219 1188 286 1256 vidi
302 1188 481 1273 neminem,
499 1187 646 1279 judices,
661 1187 716 1281 qui
735 1187 970 1281 archipiratam
991 1203 1126 1281 captum
1144 1213 1216 1257 sese
1235 1189 1355 1258 vidisse

218 1303 356 1391 diceret,
382 1328 460 1371 cum
486 1327 615 1390 omnes,
644 1315 681 1369 ut
703 1296 777 1368 vmos
800 1314 861 1385 est,
889 1297 941 1396 [ut
967 1300 1050 1368 solet
1077 1298 1181 1398 lieril,
1209 1328 1353 1372 concur-

219 1432 343 1503 rerent,
363 1431 565 1510 quererent,
587 1415 700 1483 videre
718 1429 894 1508 cuperent.
914 1414 1005 1502 Quid
1031 1415 1150 1485 accidit
1177 1415 1238 1485 cur
1262 1433 1354 1489 tauto

218 1558 319 1626 opere
338 1535 398 1600 iste
418 1532 520 1599 homo
539 1525 777 1614 occultaretur,
801 1544 837 1598 ut
858 1554 935 1597 enm
954 1555 995 1597 ue
1015 1554 1091 1598 casu
1112 1530 1248 1623 quidem
1267 1534 1354 1626 quis·

218 1671 317 1739 quam
346 1647 494 1741 aspicere
525 1637 656 1739 posset?
689 1643 849 1712 Homines
868 1643 1040 1711 maritumi
1074 1645 1260 1738 Syracusis,
1296 1649 1353 1742 qui

218 1785 304 1855 soepe
329 1760 433 1845 istius
449 1759 542 1827 ducis
571 1783 694 1826 nomeu
719 1757 904 1844 audissent,
933 1783 1020 1852 saepe
1050 1758 1249 1845 timuissent,
1276 1764 1352 1829 cum

218 1875 288 1966 cjus
321 1874 469 1942 cruciatu
500 1888 600 1968 atque
631 1872 795 1967 supplicio
828 1897 962 1966 pascere
993 1873 1109 1941 oculos
1128 1873 1354 1969 animumque

218 2005 406 2057 exsaturare
439 1988 578 2076 vellent,
619 1985 762 2082 potestas
798 1986 979 2082 aspiciendi
1017 1987 1141 2055 nemini
1173 1987 1351 2059 facta‘est.

219 2113 282 2188 [66]
308 2106 402 2171 Unus
425 2103 530 2196 pluris
557 2101 753 2196 praedonum
776 2101 877 2169 duces
900 2101 992 2169 vivos
1015 2102 1103 2197 cepit
1130 2105 1168 2174 P.
1196 2104 1354 2173 Servilius

217 2245 317 2313 quam
341 2244 456 2287 omnes
481 2233 606 2286 antea:
630 2216 806 2309 ecquando
825 2216 928 2309 igitur
951 2215 1013 2284 isto
1040 2215 1153 2285 lructu
1176 2218 1352 2312 quisquam

217 2335 336 2416 caruit,
364 2347 402 2400 ut
426 2331 540 2400 videre
559 2332 700 2425 piratam
726 2345 861 2423 captum
891 2332 958 2398 non
987 2328 1124 2398 liceret?
1153 2333 1195 2399 At
1219 2349 1351 2419 contra,

217 2472 428 2543 quacumque
448 2448 512 2515 iter
531 2445 623 2530 lecit,
646 2447 710 2513 hoc
727 2444 1007 2537 jucundissimum
1027 2446 1254 2536 spectaculum
1279 2472 1352 2516 om-

218 2563 316 2629 nibus
347 2561 535 2628 vinctorum
566 2574 810 2654 captorumque
839 2559 987 2626 hostium
1016 2558 1198 2652 praebebat.
1235 2563 1353 2655 Itaque

218 2677 245 2743 ci
268 2700 450 2743 concursus
473 2673 597 2743 fiebant
626 2672 789 2767 undique,
817 2687 854 2740 ut
879 2697 946 2775 non
972 2672 1074 2742 modo
1095 2697 1134 2741 ex
1157 2673 1183 2740 is
1206 2675 1349 2769 oppidis,

216 2814 281 2882 qua
306 2789 529 2871 ducebantur,
554 2788 610 2856 sed
634 2786 733 2855 etiam
757 2811 797 2854 ex
821 2783 969 2852 finitimis
994 2784 1122 2853 visendi
1145 2810 1244 2854 causa
1269 2812 1349 2893 corr-

217 2904 380 2971 venirent.
421 2907 496 2996 lpse
527 2919 638 2970 autern
669 2899 861 2996 triumphus
890 2924 992 2993 quam
1022 2901 1065 2968 ob
1095 2924 1166 2967 rem
1200 2901 1350 2971 omnium

246 3067 395 3109 Vnnrnsms:
408 3070 446 3107 65.
459 3065 549 3124 Kayser
560 3060 695 3125 [conjectura
705 3057 747 3124 est}
762 3091 790 3107 ...
807 3056 940 3122 [hominem]
952 3059 986 3104 in.
994 3085 1028 3121 ,-
1039 3058 1072 3106 H³
1091 3060 1191 3119 patitur,
1203 3077 1235 3124 pp
1246 3062 1352 3121 patiatur.

215 3160 246 3169 -
260 3136 366 3193 Rjudex.
388 3159 417 3168 —
435 3135 457 3180 lt
473 3149 520 3178 esse
535 3132 573 3191 (ci.
597 3133 662 3195 ist),
676 3134 784 3193 plegni
803 3147 848 3177 om.
867 3144 927 3184 sese3
949 3129 1063 3193 pridisse
1081 3145 1118 3192 se,
1136 3147 1193 3177 corr.
1214 3135 1307 3193 Zumpt.
1323 3159 1352 3168 —

217 3207 330 3247 Bru-urana
350 3202 452 3266 [utsolct
465 3201 532 3265 ilarii.
547 3228 577 3236 —
595 3209 662 3264 emp
677 3201 774 3263 fiebant,
789 3200 826 3259 Hp
837 3199 906 3244 tiebat
922 3213 928 3244 ι
951 3198 1046 3260 (fiebat,
1066 3199 1153 3243 etiarnsi
1170 3201 1270 3245 dativum
1286 3200 1351 3264 lenis,

216 3284 289 3318 tamen
302 3290 353 3318 cum
365 3278 470 3317 ruricurte
481 3273 586 3316 itinerum
599 3271 674 3315 minus
686 3270 778 3316 videtur
788 3268 927 3321 conversim
944 3269 1047 3329 lunum),

246 3438 284 3475 65.
301 3429 408 3478 ludex...
419 3428 455 3474 ci.
468 3429 509 3487 lv,
523 3433 561 3474 34.

245 3500 394 3548 Hominem...
405 3497 693 3543 corisueiudinemamnium
705 3497 754 3542 eles

215 3573 272 3616 deux
290 3572 368 3615 choses
391 3569 531 3629 s’opposent,
552 3568 607 3613 mnis
619 3568 755 3614 confirment

213 3643 338 3703 dgsilement
350 3641 371 3686 le
383 3654 485 3702 soupqon
497 3639 599 3699 indique.

244 3712 389 3760 titania-...2
402 3711 432 3759 el.
446 3710 596 3770 l'exptession
601 3710 679 3771 sanila
687 3711 754 3772 potis

214 3782 360 3834 Promotum,
376 3789 412 3829 20.

244 3853 362 3897 Hominem
377 3853 431 3899 in...
444 3851 553 3910 asyndete
564 3853 709 3898 adversative.
725 3877 755 3887 —

214 3925 341 3974 Hominem,
350 3922 471 3981 repetition
478 3921 629 3968 involuntaire
638 3921 704 3982 apres
715 3920 755 3966 lio·

213 3995 296 4036 minem
310 3992 390 4038 nostis.
405 3994 449 4038 Sur
463 3991 611 4040 Hominem...
633 3994 753 4053 neminem,

213 4063 263 4107 voir
277 4067 314 4108 Sl.

245 4135 367 4185 Conventa,
381 4146 427 4177 non
446 4149 486 4192 pus
499 4134 580 4178 civium
594 4133 752 4194 Romanarum,

212 4217 301 4249 comme
317 4208 345 4248 to
356 4212 380 4246 et
396 4208 435 4255 at,
448 4203 504 4248 mais
523 4203 647 4256 tammam,
663 4204 755 4248 cent-t-

213 4275 261 4318 diro
279 4280 336 4316 dans
355 4271 376 4316 le
390 4288 439 4317 sens
451 4274 481 4317 du
496 4285 544 4318 mot
556 4274 576 4318 le
587 4275 638 4332 plus
655 4274 752 4334 general.

213 4347 246 4388 De
261 4345 331 4388 meme
344 4348 368 4389 71
380 4342 428 4403 fin,
443 4344 485 4398 lv,
500 4350 526 4388 :ts
542 4355 565 4389 et
584 4350 612 4388 ⁶7
630 4358 636 4388 ε
658 4345 754 4388 inaximo

212 4423 327 4459 conventu.
394 4448 398 4455 .

243 4485 351 4530 Homines
365 4485 484 4528 maritumi
497 4485 619 4544 Syrarrssis
636 4500 697 4544 pour
711 4488 756 4531 Ho-

212 4555 312 4601 mines...
334 4554 376 4613 qui
401 4554 515 4611 Syracusis
545 4564 620 4598 erant.
651 4556 696 4600 Sur
718 4569 756 4601 ess

806 3432 958 3479 sbrc'rintions
981 3432 1124 3493 empruntees
1149 3449 1176 3477 au
1200 3438 1258 3495 style
1278 3436 1307 3480 sle
1331 3437 1352 3483 la

807 3503 973 3563 conversation,
993 3502 1043 3548 uuir
1059 3502 1092 3547 les
1113 3504 1228 3565 exemplos
1248 3520 1294 3566 que
1309 3506 1354 3553 cite

808 3574 950 3634 Nipperdey,
964 3576 1058 3636 opusc,
1071 3589 1091 3633 p.
1106 3580 1159 3621 tua.

840 3647 991 3690 Exsaturare.
1012 3646 1048 3689 0n
1071 3659 1098 3689 ne
1118 3653 1198 3691 trouve
1217 3646 1306 3692 aillenrs
1327 3663 1353 3693 ee

809 3725 857 3760 mot
877 3730 923 3775 que
943 3716 1000 3759 dans
1018 3716 1038 3760 le
1060 3721 1118 3775 style
1142 3716 1267 3777 poe'tique;
1296 3719 1352 3763 ainsi

812 3789 889 3840 Tusa,
905 3785 935 3839 V,
949 3800 1027 3838 xxxv,
1041 3793 1093 3830 tut.

841 3863 879 3903 66.
896 3857 924 3904 P.
941 3855 1051 3901 Servilius
1070 3859 1145 3903 Vatia
1167 3860 1293 3908 Isauricus.
1311 3861 1354 3903 Sur

809 3926 849 3979 lui,
870 3925 920 3970 voir
940 3927 1031 3987 Duruy,
1048 3927 1102 3972 llist
1133 3930 1207 3980 llam..
1225 3930 1254 3990 ll,
1268 3946 1292 3988 p.
1308 3935 1352 3973 :aa

809 4007 832 4042 et
850 3996 908 4041 suiv.
930 3996 948 4040 ll
961 3996 1053 4058 sie'geait
1073 4012 1162 4043 comme
1181 4000 1235 4059 juge
1255 4000 1312 4042 ‹lans
1333 3998 1353 4044 lc

809 4065 904 4126 proces:
920 4066 969 4111 vois
981 4067 1023 4117 tv.
1035 4081 1140 4120 uxum,
1155 4074 1194 4121 82,
1203 4078 1225 4111 rt
1238 4066 1266 4111 ici
1280 4075 1319 4116 7⁰.

841 4138 954 4183 Frueris...
964 4137 1136 4196 spectaculum:
1148 4138 1177 4182 de
1190 4140 1297 4181 merne'ti
1305 4138 1351 4196 fin.

842 4208 974 4253 Vinetnrum
985 4217 1144 4267 comarumque
1158 4225 1166 4251 :
1183 4205 1286 4270 ὕστερον
1295 4208 1353 4272 πρό·

809 4294 887 4340 τερον·

839 4348 878 4400 Εἰ,
894 4346 1015 4392 nominarit
1023 4345 1113 4405 pluriel.

839 4419 892 4476 Qun
906 4435 914 4460 .-
930 4415 1019 4460 mirso
1037 4433 1042 4458 τ
1059 4415 1139 4462 Urbem
1149 4433 1202 4478 quo.

840 4485 988 4545 Quanrnbrem
1002 4485 1068 4530 seruit
1084 4501 1132 4531 me
1143 4488 1201 4533 dans
1212 4489 1245 4535 les
1253 4490 1354 4538 istrun-

809 4556 899 4618 prtians
910 4552 1006 4600 direntes
1018 4554 1285 4618 aspernarentur.
1299 4562 1354 4615 Cr..
